1515 2620
413 166 620 204 ECLOGA
651 165 747 211 vm,
780 168 958 204 37-—41.
1221 172 1307 212 125

121 277 300 330 quidquid
345 290 394 315 ex
441 278 603 316 brachiis
640 278 813 315 arborum
852 277 1146 328 dependentibus
1184 282 1310 328 potest

123 346 360 398 contingere.
419 346 624 396 Numquam
657 350 769 382 aintea
800 345 1103 395 pullulascentem
1125 345 1311 397 virginem

124 417 198 451 tam
230 414 413 464 lepidam,
453 418 526 450 tam
559 418 752 451 venustum
781 412 947 459 viderut3
989 419 1119 464 pectus
1149 413 1313 464 concipit

124 494 305 526 umorem,
349 480 413 531 qui
442 484 717 517 maturescente
749 480 1021 530 pulchritudine
1052 482 1097 518 ad
1129 479 1314 519 fervorem

125 561 243 599 usque
288 547 458 586 insaniae
503 547 732 584 accenditur.
791 547 850 584 Iu
887 549 1084 595 sepibus,
1128 549 1163 585 in
1204 549 1314 585 bon-to

129 615 389 666 circumsepto,
421 614 528 666 quale
559 614 628 651 Lb.
661 614 730 658 lv,
766 620 844 652 130
875 618 922 651 ila
954 617 1120 659 dumis,-
1155 629 1228 651 non
1260 615 1315 652 in-

128 687 186 720 tra
235 683 292 721 vel
334 683 502 733 proxime
539 695 648 732 sepes
687 681 799 731 ipsas,
861 682 1017 718 Veteres
1056 682 1188 718 bortos
1226 695 1315 719 suos

127 750 221 789 vivis
267 750 523 787 lubentissime
564 749 713 799 sepibus
753 748 906 798 spinoso
944 762 1056 799 vepre
1093 748 1318 785 claudebant

129 817 275 856 Colum.
334 817 408 863 ΧΙ,
451 823 496 864 3,
537 822 572 855 3.
618 817 774 861 Mala,
808 816 922 852 multa
951 816 1222 866 complectente
1251 828 1317 854 vo-

128 885 260 922 cabulo
291 885 364 930 ΙΙΙ,
396 889 468 929 64,
510 884 678 921 recentia
708 897 770 921 ex
799 883 957 920 arbore
987 888 1211 933 carpuntur,
1242 895 1317 919 non

128 950 305 989 cadentia
342 955 407 988 aut
446 951 604 986 decussa
641 950 677 986 in
715 950 865 986 roscido
896 950 1066 1001 gramine
1097 955 1162 987 aut
1191 949 1227 986 in
1260 962 1319 987 se-

129 1019 237 1070 pibus
266 1018 515 1070 colliguntur3
560 1017 612 1054 ita
642 1022 700 1054 est
729 1019 850 1054 mala
880 1019 1032 1067 legere
1064 1017 1116 1062 ll,
1154 1015 1221 1055 51.
1256 1017 1320 1063 ΙΙΙ,

129 1092 199 1126 70.
265 1085 381 1123 Pueri
427 1099 450 1123 a
488 1092 628 1122 matre
665 1085 711 1121 ud
751 1085 976 1136 gustandum
1017 1084 1127 1122 vicini
1165 1083 1242 1121 filia
1282 1083 1318 1120 iu

131 1155 261 1191 bortos
302 1152 467 1198 ducitur,
506 1152 810 1202 quemadmodum
842 1165 920 1189 cum
954 1151 1173 1202 Polyphemi
1204 1155 1322 1188 matre

133 1226 279 1259 montes
318 1219 387 1257 filii
417 1220 578 1258 Galatea
608 1219 753 1265 invisit3
798 1219 957 1270 virginis
988 1224 1106 1256 muter
1136 1232 1216 1256 cum
1247 1217 1324 1255 filia

132 1302 200 1326 suu
239 1288 302 1327 vix
344 1288 426 1324 sine
465 1287 682 1338 parentibus
721 1299 872 1337 puerum
912 1287 948 1323 in
987 1287 1133 1323 bortum
1164 1290 1323 1336 sequuta

135 1356 196 1393 sit.
258 1356 360 1392 Puer
399 1360 523 1392 autem
554 1354 698 1391 fructus
730 1354 764 1390 in
798 1354 915 1390 bortis
940 1354 1232 1404 jucundissimos
1263 1366 1323 1390 sa-

135 1436 227 1474 pore
270 1423 401 1460 melius
439 1422 606 1473 reperire
644 1422 845 1466 didicerat,
892 1434 1000 1470 quam
1038 1421 1153 1470 ipsius
1192 1424 1323 1466 mater·

134 1490 337 1531 Roscida
365 1492 512 1535 mella,
547 1489 699 1540 legendi
729 1488 826 1525 ratio
857 1487 1000 1525 insulsa
1030 1492 1107 1533 cst3
1140 1500 1221 1524 num
1253 1486 1326 1524 etsi

135 1558 206 1596 mel
251 1571 313 1596 ex
353 1556 573 1594 florentibus
610 1556 761 1607 sepibus
798 1555 1012 1607 colligitur,
1060 1568 1134 1591 non
1175 1559 1326 1591 struunt

137 1630 260 1664 tumen
292 1630 341 1663 in
370 1625 542 1675 sepibuS,
574 1637 643 1661 nec
673 1623 804 1660 faciles
834 1622 904 1659 sibi
935 1636 956 1659 a
986 1622 1112 1672 pueris
1144 1622 1213 1658 mel
1245 1621 1326 1672 rupi

139 1693 345 1746 patiuntur.
405 1693 464 1728 Ex
495 1705 594 1728 anno
624 1692 851 1728 undecimo
886 1703 976 1740 puer
1008 1689 1115 1725 modo
1147 1689 1182 1725 in
1215 1690 1326 1726 alce-

138 1775 236 1800 rum
265 1761 345 1799 sive
375 1759 581 1811 proximum
613 1758 837 1796 intraverat:
878 1756 930 1793 ita
962 1758 1113 1793 Ruoeus
1144 1755 1327 1805 interpre-

138 1834 240 1867 tatus
278 1833 358 1872 est,
398 1828 517 1864 aller
557 1826 606 1870 V,
645 1830 696 1863 49
729 1824 887 1869 collot03
927 1824 1024 1873 quod
1056 1827 1326 1868 antecesserat,

140 1896 199 1941 id,
245 1893 548 1945 quemadmodum
586 1892 622 1928 in
654 1893 797 1929 allero
830 1893 921 1936 (lie,
961 1890 1113 1941 primum
1145 1903 1228 1927 esse
1259 1889 1328 1926 fin-

140 1964 256 2015 gitur.
332 1963 477 1998 Annum
528 1960 705 1996 decimum
755 1958 902 1995 tertium
950 1957 1055 2007 quasi
1094 1958 1329 1994 secuudum

138 2038 242 2080 pose
269 2031 541 2067 undecimum
572 2027 776 2071 nominare,
808 2026 844 2062 in
876 2025 956 2075 ipso
988 2023 1215 2062 necessitate
1246 2036 1328 2061 ver·-

142 2112 227 2145 sus,
266 2110 363 2148 quoe
401 2102 473 2132 tam
505 2107 617 2144 saepe
647 2093 839 2144 arguitur:
887 2092 994 2128 nimis
1032 2089 1238 2127 artificiose
1275 2089 1329 2126 di-

143 2170 240 2203 ctum
266 2164 328 2201 sit.
391 2163 579 2210 Ceperat
595 2175 661 2211 pro
680 2166 935 2207 exceperat,
969 2171 1050 2194 cum
1073 2156 1329 2194 declaratione

145 2230 459 2275 continuationis,
498 2229 619 2280 magis
657 2227 803 2265 videtur
839 2230 1002 2276 auguste
1032 2224 1189 2268 dictum,
1220 2236 1328 2273 quum

147 2305 393 2347 acceperat,
424 2296 522 2347 quod
554 2296 718 2346 pluribus
751 2294 785 2330 in
819 2293 920 2329 libris
951 2290 1099 2341 scriptis
1129 2291 1328 2342 legendum
