1515 2620
213 159 302 199 144
536 150 740 188 ECLOGA
772 150 869 196 vm,
900 155 1078 190 80—83.

211 263 438 303 maceutriae
475 273 587 297 unum
626 273 675 300 ex
713 273 801 298 cera
838 260 1074 297 simulacrum
1112 261 1206 298 satis
1241 269 1318 310 est,
1365 263 1401 300 in

212 345 284 382 quo
314 330 504 366 sarmenta
531 327 662 365 laurea
692 327 786 364 urit:

345 402 549 437 Auxiliante
573 404 637 437 deo
664 404 752 436 sicut
776 402 857 436 mihi
883 414 962 436 cera
986 402 1158 445 liquescit,

345 459 508 501 Myndius
534 459 588 492 hic
613 459 660 492 ita
683 470 802 492 amans
827 459 969 502 Delphis
994 459 1107 491 subito
1131 458 1298 502 liquefiat.

212 529 369 567 Canidia
401 541 550 578 quoque
580 528 615 565 in
648 528 797 565 Horatii
827 541 1038 565 sermonum
1069 527 1108 572 1,
1148 532 1172 566 8
1202 527 1402 566 volaticum

210 610 316 634 suum
353 609 464 634 cerea
503 600 644 632 tantum
683 595 847 647 imagine
885 599 1054 639 coercet3
1094 594 1212 631 Didus
1242 608 1402 646 quoque,

209 664 289 703 veri
326 663 447 700 simile
478 667 555 708 est,
594 663 772 700 sacerdos
803 663 896 699 Aen.
929 661 998 706 IV,
1044 666 1139 701 508.
1198 662 1402 712 Aliquanto

209 730 396 768 crudelius
425 730 560 766 Medea
590 729 707 766 sentit
735 730 833 779 apud
864 728 1033 766 Ovidium
1064 729 1133 779 Ep.
1168 729 1234 774 vl,
1267 734 1344 767 91:

343 806 501 838 Devovet
525 805 698 845 absentes,
724 805 976 848 simulacraque
999 815 1099 838 cerea
1124 804 1220 847 figit3

480 860 527 893 Et
551 859 714 893 miserum
740 865 860 894 tenues
884 861 918 893 in
938 861 1037 902 jecur
1061 865 1160 903 urget
1184 871 1276 894 acus.

211 932 414 968 consonae
442 942 570 975 voceS,
603 942 698 979 quae
725 934 814 966 sunt
838 929 873 965 in
902 930 1055 978 syllabis
1080 931 1279 967 ‹larescic
1305 955 1315 966 .
1346 957 1358 967 .
1391 956 1401 967 .

210 999 438 1048 liquescit,
493 996 529 1032 in
569 996 786 1034 derivativis
832 996 1064 1033 contendunt
1100 996 1244 1042 acrius,
1293 1009 1402 1048 quam

208 1062 290 1101 fieri
321 1064 355 1100 id
387 1064 552 1113 potuerit
583 1063 617 1099 in
650 1062 802 1112 syllabis
834 1062 1041 1112 primitivis.
1105 1065 1143 1099 ln
1175 1063 1401 1100 carminibus

209 1129 469 1175 devotionum,
503 1130 611 1179 quale
641 1129 798 1166 Catonis
829 1127 949 1179 (160)
981 1129 1132 1166 ‹laries
1164 1130 1402 1167 (lardariee

209 1199 456 1234 astalaries
495 1201 533 1233 et
569 1199 660 1233 ista
703 1199 829 1243 pista
867 1199 1001 1240 sista,
1049 1209 1178 1233 vocum
1210 1196 1284 1234 ista
1314 1209 1403 1233 cou-

208 1263 384 1301 sonantia
425 1268 549 1300 amata
586 1276 671 1300 esse
706 1263 869 1301 videtur.
935 1263 1026 1300 L'no
1065 1264 1210 1300 eodem
1249 1263 1284 1299 in
1325 1268 1402 1299 tres

208 1329 466 1381 longitudines
505 1334 686 1366 eoactum.
748 1330 898 1375 fllola,
940 1331 1095 1367 molita
1125 1336 1208 1368 erat
1238 1343 1286 1367 ex
1317 1330 1402 1366 hor-

209 1397 339 1433 notino
386 1397 553 1433 Tri-{ico
600 1398 759 1444 Spelta
796 1396 871 1442 L.,
919 1396 1177 1446 antiquissimo
1215 1396 1402 1434 frumento

206 1459 412 1506 Italorum,
462 1462 627 1498 admixto
658 1464 756 1507 sale,
805 1466 922 1500 mola
952 1465 1077 1500 salsa
1109 1470 1146 1501 et
1166 1465 1255 1510 far
1278 1466 1403 1510 pium

209 1530 424 1579 plerumque
473 1528 679 1577 appellata:
728 1541 800 1578 qua
846 1528 1104 1566 sacrificantes
1144 1529 1305 1566 frontem
1337 1529 1402 1565 ho·

208 1596 317 1640 stiae,
349 1595 490 1631 cultros
522 1599 560 1630 et
589 1608 675 1630 aras
707 1595 950 1645 spargebant.
1011 1596 1067 1631 Ad
1089 1609 1198 1632 sacra
1220 1594 1400 1641 venefica,

207 1674 303 1711 quae
339 1660 561 1697 sacrificium
592 1660 819 1697 exhibebant
849 1661 1002 1698 deorum
1034 1661 1257 1706 inferorum,
1304 1662 1400 1699 Dido

206 1739 355 1776 quoque
391 1740 470 1763 eam
508 1727 675 1763 adhibuit
705 1728 798 1763 Aen.
831 1728 898 1772 lv,
942 1732 1036 1766 517.
1096 1728 1238 1765 Morem
1271 1728 1400 1766 italum

208 1793 389 1844 Virgilius
420 1798 457 1829 et
488 1793 549 1830 isti
577 1798 615 1830 et
645 1793 703 1830 hic
726 1793 938 1831 Thessalae
969 1795 1224 1831 commodasse
1254 1794 1402 1832 videtur

208 1873 282 1897 non
326 1859 465 1903 minim,
513 1873 622 1909 quam
659 1860 748 1897 alibi
786 1860 881 1896 Aen.
924 1861 978 1905 ll,
1030 1865 1127 1905 132,
1173 1866 1210 1898 et
1241 1862 1400 1906 Seneca,

209 1926 490 1978 tragoediarum
522 1927 696 1976 scriptor,
729 1926 765 1962 in
790 1926 933 1976 Oedipo
966 1926 1010 1972 ll,
1043 1930 1138 1972 335,
1169 1926 1260 1977 ipsis
1283 1928 1401 1965 Grae-

211 1993 265 2030 cis
303 1992 440 2030 aetatis
477 1993 710 2030 Homericae.
772 1992 909 2029 Graeci
947 1992 1091 2042 antiqui
1122 1993 1158 2030 in
1188 1992 1398 2043 sacrificiis,

211 2064 252 2097 ut
288 2059 405 2110 prima
443 2059 642 2104 libamina,
693 2056 872 2109 ἀπαρχαὶ
914 2060 994 2096 τῶν
1030 2060 1207 2103 θυσιῶν,
1258 2064 1398 2099 essent,

209 2126 389 2162 hordeum
419 2125 600 2171 solidum,
641 2122 755 2162 οὐλαὶ
786 2125 867 2163 sive
899 2121 1134 2173 οὖλοχύται,
1173 2125 1307 2176 quippe
1336 2138 1400 2164 ve·

212 2191 453 2228 tustissimum
483 2205 589 2229 suum
619 2191 779 2229 fructum
811 2197 1020 2243 agrestem,
1058 2191 1309 2243 spargebant:
1340 2205 1399 2230 se·

210 2257 332 2294 riores
370 2264 493 2296 autem
523 2259 598 2296 liba
627 2271 742 2308 saepe
772 2258 900 2296 tenuia
930 2263 968 2295 et
997 2258 1177 2303 rotundo,
1222 2253 1395 2301 πόπανα,
