<?xml version="1.0" encoding="UTF-8"?>
<!DOCTYPE html PUBLIC "-//W3C//DTD XHTML 1.0 Transitional//EN"
    "http://www.w3.org/TR/xhtml1/DTD/xhtml1-transitional.dtd">
<html xmlns="http://www.w3.org/1999/xhtml" xml:lang="en" lang="en">
 <head>
  <title>
</title>
<meta http-equiv="Content-Type" content="text/html;charset=utf-8" />
  <meta name='ocr-system' content='tesseract 3.04.00' />
  <meta name='ocr-capabilities' content='ocr_page ocr_carea ocr_par ocr_line ocrx_word'/>
</head>
<body>
  <div class='ocr_page' id='page_1' title='image "./eclogaevix00virguoft_0014.png"; bbox 0 0 1472 2620; ppageno 0'>
   <div class='ocr_carea' id='block_1_1' title="bbox 157 134 986 182">
    <p class='ocr_par' dir='ltr' id='par_1_1' title="bbox 157 134 986 182">
     <span class='ocr_line' id='line_1_1' title="bbox 157 134 986 182; baseline 0.006 -13"><span class='ocrx_word' id='word_1_1' title='bbox 157 138 186 178; x_wconf 83' lang='grc'><strong>3</strong></span> <span class='ocrx_word' id='word_1_2' title='bbox 512 134 712 173; x_wconf 83' lang='lat' dir='ltr'><strong>ECLOGA</strong></span> <span class='ocrx_word' id='word_1_3' title='bbox 746 135 813 182; x_wconf 73' lang='lat' dir='ltr'>Vl,</span> <span class='ocrx_word' id='word_1_4' title='bbox 852 140 986 176; x_wconf 79' lang='lat'><strong>3—5.</strong></span> 
     </span>
    </p>
   </div>
   <div class='ocr_carea' id='block_1_2' title="bbox 147 245 1331 2247">
    <p class='ocr_par' dir='ltr' id='par_1_2' title="bbox 151 245 1331 767">
     <span class='ocr_line' id='line_1_2' title="bbox 156 245 1330 300; baseline 0.004 -18"><span class='ocrx_word' id='word_1_5' title='bbox 156 245 225 283; x_wconf 88' lang='lat' dir='ltr'>cho</span> <span class='ocrx_word' id='word_1_6' title='bbox 263 249 435 291; x_wconf 86' lang='lat' dir='ltr'>auctore,</span> <span class='ocrx_word' id='word_1_7' title='bbox 473 246 620 297; x_wconf 74' lang='lat' dir='ltr'>Symp.</span> <span class='ocrx_word' id='word_1_8' title='bbox 651 247 724 294; x_wconf 82' lang='grc' dir='ltr'>ΙΧ,</span> <span class='ocrx_word' id='word_1_9' title='bbox 768 252 855 295; x_wconf 79' lang='grc'>14.,</span> <span class='ocrx_word' id='word_1_10' title='bbox 893 260 1000 285; x_wconf 84' lang='lat' dir='ltr'>sacra</span> <span class='ocrx_word' id='word_1_11' title='bbox 1036 254 1117 285; x_wconf 81' lang='lat' dir='ltr'>erat</span> <span class='ocrx_word' id='word_1_12' title='bbox 1152 248 1330 300; x_wconf 77' lang='lat' dir='ltr'>agricolis</span> 
     </span>
     <span class='ocr_line' id='line_1_3' title="bbox 155 311 1331 364; baseline 0.003 -16"><span class='ocrx_word' id='word_1_13' title='bbox 155 311 361 363; x_wconf 89' lang='lat' dir='ltr'>plantarum</span> <span class='ocrx_word' id='word_1_14' title='bbox 391 311 496 362; x_wconf 81' lang='lat' dir='ltr'>quasi</span> <span class='ocrx_word' id='word_1_15' title='bbox 526 312 811 364; x_wconf 82' lang='lat' dir='ltr'>germinantium</span> <span class='ocrx_word' id='word_1_16' title='bbox 836 314 983 360; x_wconf 82' lang='lat' dir='ltr'>nutrix3</span> <span class='ocrx_word' id='word_1_17' title='bbox 1014 313 1200 364; x_wconf 88' lang='lat' dir='ltr'>Apollonii</span> <span class='ocrx_word' id='word_1_18' title='bbox 1224 315 1331 352; x_wconf 88' lang='lat' dir='ltr'>scho-</span> 
     </span>
     <span class='ocr_line' id='line_1_4' title="bbox 154 377 1331 432; baseline 0.004 -17"><span class='ocrx_word' id='word_1_19' title='bbox 154 377 264 416; x_wconf 89' lang='lat' dir='ltr'>liaste</span> <span class='ocrx_word' id='word_1_20' title='bbox 300 383 422 416; x_wconf 88' lang='lat' dir='ltr'>autem</span> <span class='ocrx_word' id='word_1_21' title='bbox 452 385 624 427; x_wconf 85' lang='lat' dir='ltr'>auctore,</span> <span class='ocrx_word' id='word_1_22' title='bbox 666 381 919 432; x_wconf 80' lang='lat' dir='ltr'>agriculturae</span> <span class='ocrx_word' id='word_1_23' title='bbox 950 381 1053 431; x_wconf 85' lang='lat' dir='ltr'>quasi</span> <span class='ocrx_word' id='word_1_24' title='bbox 1085 380 1331 432; x_wconf 86' lang='lat' dir='ltr'>arborumque</span> 
     </span>
     <span class='ocr_line' id='line_1_5' title="bbox 154 445 1331 499; baseline 0.003 -17"><span class='ocrx_word' id='word_1_25' title='bbox 154 445 355 483; x_wconf 82' lang='lat' dir='ltr'>sativarum</span> <span class='ocrx_word' id='word_1_26' title='bbox 386 445 587 486; x_wconf 84' lang='lat' dir='ltr'>inventrix.</span> <span class='ocrx_word' id='word_1_27' title='bbox 654 448 808 488; x_wconf 74' lang='lat' dir='ltr'>Versus</span> <span class='ocrx_word' id='word_1_28' title='bbox 839 449 1093 499; x_wconf 69' lang='lat' dir='ltr'>Syracusii,</span> <span class='ocrx_word' id='word_1_29' title='bbox 1129 448 1175 485; x_wconf 87' lang='lat' dir='ltr'>ad</span> <span class='ocrx_word' id='word_1_30' title='bbox 1206 461 1331 486; x_wconf 82' lang='lat' dir='ltr'>exem-</span> 
     </span>
     <span class='ocr_line' id='line_1_6' title="bbox 153 513 1331 566; baseline 0.003 -17"><span class='ocrx_word' id='word_1_31' title='bbox 153 513 251 564; x_wconf 86' lang='lat' dir='ltr'>plum</span> <span class='ocrx_word' id='word_1_32' title='bbox 282 513 477 551; x_wconf 83' lang='lat' dir='ltr'>Theocriti</span> <span class='ocrx_word' id='word_1_33' title='bbox 509 515 755 564; x_wconf 81' lang='lat' dir='ltr'><strong>Syracusani,</strong></span> <span class='ocrx_word' id='word_1_34' title='bbox 787 517 847 565; x_wconf 92' lang='lat' dir='ltr'>qui</span> <span class='ocrx_word' id='word_1_35' title='bbox 879 523 1048 566; x_wconf 86' lang='lat' dir='ltr'>pastores</span> <span class='ocrx_word' id='word_1_36' title='bbox 1080 515 1226 553; x_wconf 87' lang='lat' dir='ltr'>Siculos</span> <span class='ocrx_word' id='word_1_37' title='bbox 1257 528 1331 553; x_wconf 86' lang='lat' dir='ltr'>me·</span> 
     </span>
     <span class='ocr_line' id='line_1_7' title="bbox 151 578 1330 635; baseline 0.004 -19"><span class='ocrx_word' id='word_1_38' title='bbox 151 578 249 617; x_wconf 84' lang='lat' dir='ltr'>liora</span> <span class='ocrx_word' id='word_1_39' title='bbox 291 593 426 618; x_wconf 83' lang='lat' dir='ltr'>canere</span> <span class='ocrx_word' id='word_1_40' title='bbox 465 581 591 619; x_wconf 85' lang='lat' dir='ltr'>docuit</span> <span class='ocrx_word' id='word_1_41' title='bbox 628 582 695 629; x_wconf 71' lang='lat' dir='ltr'>lv,</span> <span class='ocrx_word' id='word_1_42' title='bbox 740 588 774 620; x_wconf 93' lang='lat'>1.</span> <span class='ocrx_word' id='word_1_43' title='bbox 850 584 1137 635; x_wconf 67' lang='lat' dir='ltr'>Syracosius,</span> <span class='ocrx_word' id='word_1_44' title='bbox 1184 585 1330 622; x_wconf 84' lang='lat' dir='ltr'>Graeca</span> 
     </span>
     <span class='ocr_line' id='line_1_8' title="bbox 153 646 1329 703; baseline 0.003 -19"><span class='ocrx_word' id='word_1_45' title='bbox 153 646 299 685; x_wconf 88' lang='lat' dir='ltr'>dicendi</span> <span class='ocrx_word' id='word_1_46' title='bbox 342 647 472 687; x_wconf 87' lang='lat' dir='ltr'>forma.</span> <span class='ocrx_word' id='word_1_47' title='bbox 549 651 588 686; x_wconf 93' lang='lat' dir='ltr'>ln</span> <span class='ocrx_word' id='word_1_48' title='bbox 625 649 816 703; x_wconf 54' lang='lat' dir='ltr'>ealtkfbus</span> <span class='ocrx_word' id='word_1_49' title='bbox 853 651 1013 701; x_wconf 85' lang='lat' dir='ltr'>majores</span> <span class='ocrx_word' id='word_1_50' title='bbox 1049 663 1115 700; x_wconf 85' lang='lat' dir='ltr'>per</span> <span class='ocrx_word' id='word_1_51' title='bbox 1150 656 1329 689; x_wconf 79' lang='lat' dir='ltr'>aestatem</span> 
     </span>
     <span class='ocr_line' id='line_1_9' title="bbox 152 716 587 767; baseline 0.007 -16"><span class='ocrx_word' id='word_1_52' title='bbox 152 727 294 767; x_wconf 83' lang='lat' dir='ltr'><strong>greges</strong></span> <span class='ocrx_word' id='word_1_53' title='bbox 325 716 587 766; x_wconf 84' lang='lat' dir='ltr'>pascebantur.</span> 
     </span>
    </p>

    <p class='ocr_par' dir='ltr' id='par_1_3' title="bbox 147 783 1331 2247">
     <span class='ocr_line' id='line_1_10' title="bbox 265 783 1330 836; baseline 0 -15"><span class='ocrx_word' id='word_1_54' title='bbox 265 786 398 822; x_wconf 84' lang='lat'><strong>3—5.</strong></span> <span class='ocrx_word' id='word_1_55' title='bbox 458 784 555 835; x_wconf 86' lang='lat' dir='ltr'>Ego,</span> <span class='ocrx_word' id='word_1_56' title='bbox 587 784 645 821; x_wconf 93' lang='lat' dir='ltr'>cui</span> <span class='ocrx_word' id='word_1_57' title='bbox 675 784 821 836; x_wconf 85' lang='lat' dir='ltr'>gloriae</span> <span class='ocrx_word' id='word_1_58' title='bbox 852 788 920 830; x_wconf 85' lang='lat' dir='ltr'>est,</span> <span class='ocrx_word' id='word_1_59' title='bbox 952 784 1050 834; x_wconf 88' lang='lat' dir='ltr'>quod</span> <span class='ocrx_word' id='word_1_60' title='bbox 1080 783 1160 820; x_wconf 91' lang='lat' dir='ltr'>aliis</span> <span class='ocrx_word' id='word_1_61' title='bbox 1191 783 1330 830; x_wconf 87' lang='lat' dir='ltr'>rubori,</span> 
     </span>
     <span class='ocr_line' id='line_1_11' title="bbox 152 850 1331 902; baseline 0.002 -16"><span class='ocrx_word' id='word_1_62' title='bbox 152 861 260 899; x_wconf 91' lang='lat' dir='ltr'>quum</span> <span class='ocrx_word' id='word_1_63' title='bbox 302 852 482 899; x_wconf 78' lang='lat' dir='ltr'>praelia</span> <span class='ocrx_word' id='word_1_64' title='bbox 527 856 564 888; x_wconf 92' lang='lat' dir='ltr'>et</span> <span class='ocrx_word' id='word_1_65' title='bbox 609 864 738 902; x_wconf 75' lang='lat' dir='ltr'>reges</span> <span class='ocrx_word' id='word_1_66' title='bbox 785 863 921 888; x_wconf 91' lang='lat' dir='ltr'>canere</span> <span class='ocrx_word' id='word_1_67' title='bbox 971 850 1161 896; x_wconf 73' lang='lat' dir='ltr'>auderem,</span> <span class='ocrx_word' id='word_1_68' title='bbox 1214 851 1331 888; x_wconf 87' lang='lat' dir='ltr'>iratus</span> 
     </span>
     <span class='ocr_line' id='line_1_12' title="bbox 150 917 1330 970; baseline 0.003 -17"><span class='ocrx_word' id='word_1_69' title='bbox 150 917 282 968; x_wconf 87' lang='lat' dir='ltr'><strong>Apollo</strong></span> <span class='ocrx_word' id='word_1_70' title='bbox 314 918 360 955; x_wconf 83' lang='lat' dir='ltr'>ad</span> <span class='ocrx_word' id='word_1_71' title='bbox 390 931 531 970; x_wconf 81' lang='lat' dir='ltr'>greges</span> <span class='ocrx_word' id='word_1_72' title='bbox 569 931 624 955; x_wconf 90' lang='lat' dir='ltr'>me</span> <span class='ocrx_word' id='word_1_73' title='bbox 656 918 808 956; x_wconf 84' lang='lat' dir='ltr'>remisit.</span> <span class='ocrx_word' id='word_1_74' title='bbox 877 918 1034 954; x_wconf 82' lang='lat' dir='ltr'>Carmen</span> <span class='ocrx_word' id='word_1_75' title='bbox 1066 918 1110 954; x_wconf 90' lang='lat' dir='ltr'>de</span> <span class='ocrx_word' id='word_1_76' title='bbox 1138 920 1330 966; x_wconf 70' lang='lat' dir='ltr'>praeliis</span> 
     </span>
     <span class='ocr_line' id='line_1_13' title="bbox 151 985 1329 1036; baseline 0.001 -15"><span class='ocrx_word' id='word_1_77' title='bbox 151 989 189 1021; x_wconf 89' lang='lat' dir='ltr'>et</span> <span class='ocrx_word' id='word_1_78' title='bbox 225 985 407 1035; x_wconf 73' lang='lat' dir='ltr'>regibus</span> <span class='ocrx_word' id='word_1_79' title='bbox 437 992 666 1036; x_wconf 88' lang='lat' dir='ltr'>susceptum,</span> <span class='ocrx_word' id='word_1_80' title='bbox 710 986 807 1036; x_wconf 88' lang='lat' dir='ltr'>quod</span> <span class='ocrx_word' id='word_1_81' title='bbox 838 999 870 1023; x_wconf 79' lang='lat' dir='ltr'>v.</span> <span class='ocrx_word' id='word_1_82' title='bbox 904 990 1039 1024; x_wconf 84' lang='lat'><strong>6—7.</strong></span> <span class='ocrx_word' id='word_1_83' title='bbox 1073 986 1329 1036; x_wconf 84' lang='lat' dir='ltr'>comprobant,</span> 
     </span>
     <span class='ocr_line' id='line_1_14' title="bbox 150 1051 1330 1102; baseline 0.002 -14"><span class='ocrx_word' id='word_1_84' title='bbox 150 1051 287 1088; x_wconf 93' lang='lat' dir='ltr'>nullum</span> <span class='ocrx_word' id='word_1_85' title='bbox 318 1053 418 1089; x_wconf 87' lang='lat' dir='ltr'>aliud</span> <span class='ocrx_word' id='word_1_86' title='bbox 450 1059 542 1099; x_wconf 89' lang='lat' dir='ltr'>erat,</span> <span class='ocrx_word' id='word_1_87' title='bbox 576 1053 646 1090; x_wconf 92' lang='lat' dir='ltr'>nisi</span> <span class='ocrx_word' id='word_1_88' title='bbox 678 1053 766 1091; x_wconf 65' lang='lat' dir='ltr'>Vari</span> <span class='ocrx_word' id='word_1_89' title='bbox 795 1052 943 1096; x_wconf 75' lang='lat' dir='ltr'>laudes,</span> <span class='ocrx_word' id='word_1_90' title='bbox 976 1065 1066 1102; x_wconf 85' lang='lat' dir='ltr'>quas</span> <span class='ocrx_word' id='word_1_91' title='bbox 1097 1053 1257 1090; x_wconf 77' lang='lat' dir='ltr'>carmine</span> <span class='ocrx_word' id='word_1_92' title='bbox 1289 1065 1330 1090; x_wconf 89' lang='lat' dir='ltr'>se</span> 
     </span>
     <span class='ocr_line' id='line_1_15' title="bbox 149 1119 1328 1171; baseline 0 -15"><span class='ocrx_word' id='word_1_93' title='bbox 149 1119 419 1156; x_wconf 87' lang='lat' dir='ltr'>celebraturum</span> <span class='ocrx_word' id='word_1_94' title='bbox 451 1133 533 1157; x_wconf 88' lang='lat' dir='ltr'>esse</span> <span class='ocrx_word' id='word_1_95' title='bbox 564 1120 636 1166; x_wconf 83' lang='lat' dir='ltr'>lx,</span> <span class='ocrx_word' id='word_1_96' title='bbox 676 1126 743 1160; x_wconf 85' lang='lat'>26.</span> <span class='ocrx_word' id='word_1_97' title='bbox 775 1119 1073 1171; x_wconf 79' lang='lat' dir='ltr'>significaverat:</span> <span class='ocrx_word' id='word_1_98' title='bbox 1106 1120 1166 1170; x_wconf 95' lang='lat' dir='ltr'>qui</span> <span class='ocrx_word' id='word_1_99' title='bbox 1198 1120 1328 1165; x_wconf 61' lang='lat' dir='ltr'>Varus,</span> 
     </span>
     <span class='ocr_line' id='line_1_16' title="bbox 149 1186 1328 1237; baseline 0.001 -14"><span class='ocrx_word' id='word_1_100' title='bbox 149 1186 215 1223; x_wconf 90' lang='lat' dir='ltr'>sub</span> <span class='ocrx_word' id='word_1_101' title='bbox 246 1192 404 1237; x_wconf 89' lang='lat' dir='ltr'>utroque</span> <span class='ocrx_word' id='word_1_102' title='bbox 431 1188 594 1224; x_wconf 83' lang='lat' dir='ltr'>Caesare</span> <span class='ocrx_word' id='word_1_103' title='bbox 625 1188 700 1225; x_wconf 81' lang='lat' dir='ltr'>dux</span> <span class='ocrx_word' id='word_1_104' title='bbox 732 1187 865 1233; x_wconf 86' lang='lat' dir='ltr'>factus,</span> <span class='ocrx_word' id='word_1_105' title='bbox 897 1187 926 1223; x_wconf 91' lang='lat' dir='ltr'>si</span> <span class='ocrx_word' id='word_1_106' title='bbox 959 1187 1075 1224; x_wconf 85' lang='lat' dir='ltr'>minus</span> <span class='ocrx_word' id='word_1_107' title='bbox 1108 1194 1238 1225; x_wconf 89' lang='lat' dir='ltr'>contra</span> <span class='ocrx_word' id='word_1_108' title='bbox 1270 1200 1328 1224; x_wconf 87' lang='lat' dir='ltr'>re·</span> 
     </span>
     <span class='ocr_line' id='line_1_17' title="bbox 149 1253 1330 1306; baseline 0 -15"><span class='ocrx_word' id='word_1_109' title='bbox 149 1266 219 1306; x_wconf 88' lang='lat' dir='ltr'>ges</span> <span class='ocrx_word' id='word_1_110' title='bbox 251 1254 428 1299; x_wconf 84' lang='lat' dir='ltr'>Gallicos,</span> <span class='ocrx_word' id='word_1_111' title='bbox 467 1260 599 1292; x_wconf 91' lang='lat' dir='ltr'>eontra</span> <span class='ocrx_word' id='word_1_112' title='bbox 630 1255 730 1293; x_wconf 85' lang='lat' dir='ltr'>viros</span> <span class='ocrx_word' id='word_1_113' title='bbox 762 1261 882 1291; x_wconf 91' lang='lat' dir='ltr'>tamen</span> <span class='ocrx_word' id='word_1_114' title='bbox 914 1254 1164 1305; x_wconf 84' lang='lat' dir='ltr'>l&#39;ompejanae</span> <span class='ocrx_word' id='word_1_115' title='bbox 1195 1253 1330 1292; x_wconf 82' lang='lat' dir='ltr'>sactio-</span> 
     </span>
     <span class='ocr_line' id='line_1_18' title="bbox 149 1320 1329 1372; baseline 0.001 -14"><span class='ocrx_word' id='word_1_116' title='bbox 149 1320 207 1358; x_wconf 83' lang='lat' dir='ltr'>nis</span> <span class='ocrx_word' id='word_1_117' title='bbox 245 1327 528 1372; x_wconf 76' lang='lat' dir='ltr'>praepotentes,</span> <span class='ocrx_word' id='word_1_118' title='bbox 567 1321 627 1372; x_wconf 92' lang='lat' dir='ltr'>qui</span> <span class='ocrx_word' id='word_1_119' title='bbox 665 1335 764 1358; x_wconf 89' lang='lat' dir='ltr'>more</span> <span class='ocrx_word' id='word_1_120' title='bbox 804 1322 970 1358; x_wconf 89' lang='lat' dir='ltr'>Romano</span> <span class='ocrx_word' id='word_1_121' title='bbox 1009 1335 1138 1372; x_wconf 72' lang='lat' dir='ltr'>reges</span> <span class='ocrx_word' id='word_1_122' title='bbox 1169 1322 1329 1372; x_wconf 59' lang='lat' dir='ltr'>appell&amp;</span> 
     </span>
     <span class='ocr_line' id='line_1_19' title="bbox 147 1388 1329 1438; baseline 0.001 -12"><span class='ocrx_word' id='word_1_123' title='bbox 147 1388 284 1426; x_wconf 82' lang='lat' dir='ltr'>bantur</span> <span class='ocrx_word' id='word_1_124' title='bbox 315 1389 384 1427; x_wconf 91' lang='lat' dir='ltr'>Lb.</span> <span class='ocrx_word' id='word_1_125' title='bbox 418 1389 470 1434; x_wconf 90' lang='lat' dir='ltr'>ll,</span> <span class='ocrx_word' id='word_1_126' title='bbox 501 1392 593 1428; x_wconf 87' lang='grc'><strong>498.</strong></span> <span class='ocrx_word' id='word_1_127' title='bbox 635 1392 746 1434; x_wconf 82' lang='grc'><strong>504.,</strong></span> <span class='ocrx_word' id='word_1_128' title='bbox 786 1388 821 1425; x_wconf 87' lang='lat' dir='ltr'>in</span> <span class='ocrx_word' id='word_1_129' title='bbox 854 1388 947 1425; x_wconf 83' lang='lat' dir='ltr'>bello</span> <span class='ocrx_word' id='word_1_130' title='bbox 978 1388 1094 1433; x_wconf 77' lang='lat' dir='ltr'>civili,</span> <span class='ocrx_word' id='word_1_131' title='bbox 1127 1396 1329 1438; x_wconf 84' lang='lat' dir='ltr'>contraque</span> 
     </span>
     <span class='ocr_line' id='line_1_20' title="bbox 148 1455 1329 1507; baseline 0.002 -15"><span class='ocrx_word' id='word_1_132' title='bbox 148 1468 262 1507; x_wconf 83' lang='lat' dir='ltr'>reges</span> <span class='ocrx_word' id='word_1_133' title='bbox 294 1468 372 1493; x_wconf 91' lang='lat' dir='ltr'>cum</span> <span class='ocrx_word' id='word_1_134' title='bbox 404 1456 476 1493; x_wconf 90' lang='lat' dir='ltr'>illis</span> <span class='ocrx_word' id='word_1_135' title='bbox 507 1457 728 1507; x_wconf 89' lang='lat' dir='ltr'>conjunctos</span> <span class='ocrx_word' id='word_1_136' title='bbox 760 1455 982 1493; x_wconf 76' lang='lat' dir='ltr'>excelluisse</span> <span class='ocrx_word' id='word_1_137' title='bbox 1013 1456 1170 1493; x_wconf 78' lang='lat' dir='ltr'>videtur.</span> <span class='ocrx_word' id='word_1_138' title='bbox 1221 1456 1329 1494; x_wconf 82' lang='lat' dir='ltr'>Bel-</span> 
     </span>
     <span class='ocr_line' id='line_1_21' title="bbox 150 1523 1329 1574; baseline 0.001 -14"><span class='ocrx_word' id='word_1_139' title='bbox 150 1523 240 1560; x_wconf 80' lang='lat' dir='ltr'>lum</span> <span class='ocrx_word' id='word_1_140' title='bbox 277 1525 408 1562; x_wconf 78' lang='lat' dir='ltr'>civile</span> <span class='ocrx_word' id='word_1_141' title='bbox 444 1523 553 1561; x_wconf 91' lang='lat' dir='ltr'>etiam</span> <span class='ocrx_word' id='word_1_142' title='bbox 591 1530 736 1561; x_wconf 69' lang='lat' dir='ltr'>veteres</span> <span class='ocrx_word' id='word_1_143' title='bbox 775 1523 995 1573; x_wconf 76' lang='lat' dir='ltr'>interpretes</span> <span class='ocrx_word' id='word_1_144' title='bbox 1033 1524 1128 1574; x_wconf 85' lang='lat' dir='ltr'>apud</span> <span class='ocrx_word' id='word_1_145' title='bbox 1159 1524 1329 1561; x_wconf 79' lang='lat' dir='ltr'>Servium</span> 
     </span>
     <span class='ocr_line' id='line_1_22' title="bbox 148 1590 1329 1642; baseline 0.001 -15"><span class='ocrx_word' id='word_1_146' title='bbox 148 1590 427 1642; x_wconf 81' lang='lat' dir='ltr'>intelligebant:</span> <span class='ocrx_word' id='word_1_147' title='bbox 466 1604 574 1641; x_wconf 92' lang='lat' dir='ltr'>quum</span> <span class='ocrx_word' id='word_1_148' title='bbox 612 1591 673 1627; x_wconf 90' lang='lat' dir='ltr'>alii</span> <span class='ocrx_word' id='word_1_149' title='bbox 705 1590 750 1627; x_wconf 90' lang='lat' dir='ltr'>de</span> <span class='ocrx_word' id='word_1_150' title='bbox 780 1591 932 1642; x_wconf 76' lang='lat' dir='ltr'>regibus</span> <span class='ocrx_word' id='word_1_151' title='bbox 963 1591 1135 1637; x_wconf 71' lang='lat' dir='ltr'>Albanis,</span> <span class='ocrx_word' id='word_1_152' title='bbox 1176 1604 1329 1641; x_wconf 86' lang='lat' dir='ltr'>quorum</span> 
     </span>
     <span class='ocr_line' id='line_1_23' title="bbox 148 1657 1327 1709; baseline 0.002 -16"><span class='ocrx_word' id='word_1_153' title='bbox 148 1657 336 1695; x_wconf 86' lang='lat' dir='ltr'>nominum</span> <span class='ocrx_word' id='word_1_154' title='bbox 375 1658 576 1709; x_wconf 79' lang='lat' dir='ltr'>asperitate</span> <span class='ocrx_word' id='word_1_155' title='bbox 615 1662 758 1708; x_wconf 61' lang='lat' dir='ltr'>poetam</span> <span class='ocrx_word' id='word_1_156' title='bbox 797 1658 1012 1696; x_wconf 87' lang='lat' dir='ltr'>deterritum</span> <span class='ocrx_word' id='word_1_157' title='bbox 1050 1672 1072 1695; x_wconf 91' lang='lat' dir='ltr'>a</span> <span class='ocrx_word' id='word_1_158' title='bbox 1103 1657 1327 1709; x_wconf 74' lang='lat' dir='ltr'>perficiendo</span> 
     </span>
     <span class='ocr_line' id='line_1_24' title="bbox 149 1724 1328 1777; baseline 0.001 -16"><span class='ocrx_word' id='word_1_159' title='bbox 149 1724 358 1772; x_wconf 86' lang='lat' dir='ltr'>abstitisse,</span> <span class='ocrx_word' id='word_1_160' title='bbox 390 1726 452 1763; x_wconf 90' lang='lat' dir='ltr'>alii</span> <span class='ocrx_word' id='word_1_161' title='bbox 483 1726 528 1763; x_wconf 90' lang='lat' dir='ltr'>de</span> <span class='ocrx_word' id='word_1_162' title='bbox 558 1725 740 1771; x_wconf 75' lang='lat' dir='ltr'>Aeneide,</span> <span class='ocrx_word' id='word_1_163' title='bbox 773 1724 898 1761; x_wconf 66' lang='lat' dir='ltr'>Minoe</span> <span class='ocrx_word' id='word_1_164' title='bbox 931 1738 1021 1777; x_wconf 75' lang='lat' dir='ltr'>rege</span> <span class='ocrx_word' id='word_1_165' title='bbox 1052 1725 1086 1761; x_wconf 94' lang='lat' dir='ltr'>in</span> <span class='ocrx_word' id='word_1_166' title='bbox 1119 1726 1243 1775; x_wconf 68' lang='lat' dir='ltr'>Scylla</span> <span class='ocrx_word' id='word_1_167' title='bbox 1273 1724 1328 1762; x_wconf 84' lang='lat' dir='ltr'>fa-</span> 
     </span>
     <span class='ocr_line' id='line_1_25' title="bbox 148 1790 1327 1844; baseline 0.002 -16"><span class='ocrx_word' id='word_1_168' title='bbox 148 1791 234 1829; x_wconf 85' lang='lat' dir='ltr'>bula</span> <span class='ocrx_word' id='word_1_169' title='bbox 274 1790 339 1842; x_wconf 90' lang='lat' dir='ltr'>(cf.</span> <span class='ocrx_word' id='word_1_170' title='bbox 372 1806 406 1830; x_wconf 78' lang='lat' dir='ltr'>v.</span> <span class='ocrx_word' id='word_1_171' title='bbox 438 1791 522 1843; x_wconf 81' lang='lat'><strong>74.)</strong></span> <span class='ocrx_word' id='word_1_172' title='bbox 570 1799 606 1830; x_wconf 86' lang='lat' dir='ltr'>ct</span> <span class='ocrx_word' id='word_1_173' title='bbox 645 1793 689 1830; x_wconf 76' lang='lat' dir='ltr'>‹le</span> <span class='ocrx_word' id='word_1_174' title='bbox 734 1793 930 1844; x_wconf 78' lang='lat' dir='ltr'>tragoedia</span> <span class='ocrx_word' id='word_1_175' title='bbox 967 1793 1122 1843; x_wconf 83' lang='lat' dir='ltr'>quadam</span> <span class='ocrx_word' id='word_1_176' title='bbox 1156 1793 1327 1842; x_wconf 74' lang='lat' dir='ltr'>Thyeste</span> 
     </span>
     <span class='ocr_line' id='line_1_26' title="bbox 149 1859 1326 1911; baseline 0.003 -16"><span class='ocrx_word' id='word_1_177' title='bbox 149 1865 393 1911; x_wconf 86' lang='lat' dir='ltr'>nugarentur.</span> <span class='ocrx_word' id='word_1_178' title='bbox 462 1860 597 1896; x_wconf 63' lang='lat' dir='ltr'>l&#39;irium</span> <span class='ocrx_word' id='word_1_179' title='bbox 636 1859 922 1897; x_wconf 76' lang='lat' dir='ltr'>imbecillitatem</span> <span class='ocrx_word' id='word_1_180' title='bbox 963 1861 1139 1897; x_wconf 82' lang='lat' dir='ltr'>Horatius</span> <span class='ocrx_word' id='word_1_181' title='bbox 1180 1873 1326 1911; x_wconf 88' lang='lat' dir='ltr'>quoque</span> 
     </span>
     <span class='ocr_line' id='line_1_27' title="bbox 150 1927 1325 1978; baseline 0 -15"><span class='ocrx_word' id='word_1_182' title='bbox 150 1932 374 1978; x_wconf 86' lang='lat' dir='ltr'>praetexens</span> <span class='ocrx_word' id='word_1_183' title='bbox 420 1927 599 1977; x_wconf 86' lang='lat' dir='ltr'>petitores</span> <span class='ocrx_word' id='word_1_184' title='bbox 644 1927 783 1964; x_wconf 83' lang='lat' dir='ltr'>sciebat</span> <span class='ocrx_word' id='word_1_185' title='bbox 829 1928 1020 1978; x_wconf 83' lang='lat' dir='ltr'>repellere.</span> <span class='ocrx_word' id='word_1_186' title='bbox 1110 1927 1208 1965; x_wconf 66' lang='lat' dir='ltr'>Varo</span> <span class='ocrx_word' id='word_1_187' title='bbox 1253 1939 1325 1977; x_wconf 91' lang='lat' dir='ltr'>quo</span> 
     </span>
     <span class='ocr_line' id='line_1_28' title="bbox 149 1993 1326 2046; baseline 0 -15"><span class='ocrx_word' id='word_1_188' title='bbox 149 1993 268 2031; x_wconf 91' lang='lat' dir='ltr'>minus</span> <span class='ocrx_word' id='word_1_189' title='bbox 298 1995 522 2031; x_wconf 81' lang='lat' dir='ltr'>stomachum</span> <span class='ocrx_word' id='word_1_190' title='bbox 555 1993 687 2039; x_wconf 73' lang='lat' dir='ltr'>faciat,</span> <span class='ocrx_word' id='word_1_191' title='bbox 729 1994 839 2031; x_wconf 86' lang='lat' dir='ltr'>risum</span> <span class='ocrx_word' id='word_1_192' title='bbox 871 1995 915 2032; x_wconf 90' lang='lat' dir='ltr'>de</span> <span class='ocrx_word' id='word_1_193' title='bbox 946 2000 1062 2032; x_wconf 85' lang='lat' dir='ltr'>semet</span> <span class='ocrx_word' id='word_1_194' title='bbox 1094 1994 1172 2046; x_wconf 73' lang='lat' dir='ltr'>ipse</span> <span class='ocrx_word' id='word_1_195' title='bbox 1205 2000 1326 2031; x_wconf 76' lang='lat' dir='ltr'>movet</span> 
     </span>
     <span class='ocr_line' id='line_1_29' title="bbox 148 2061 1325 2114; baseline 0 -16"><span class='ocrx_word' id='word_1_196' title='bbox 148 2061 350 2114; x_wconf 63' lang='lat' dir='ltr'>Virgilius,</span> <span class='ocrx_word' id='word_1_197' title='bbox 393 2061 524 2112; x_wconf 79' lang='lat' dir='ltr'>Apollo</span> <span class='ocrx_word' id='word_1_198' title='bbox 565 2061 748 2112; x_wconf 81' lang='lat' dir='ltr'>quomodo</span> <span class='ocrx_word' id='word_1_199' title='bbox 787 2063 938 2100; x_wconf 86' lang='lat' dir='ltr'>auribus</span> <span class='ocrx_word' id='word_1_200' title='bbox 976 2062 1108 2099; x_wconf 87' lang='lat' dir='ltr'>leniter</span> <span class='ocrx_word' id='word_1_201' title='bbox 1145 2061 1325 2098; x_wconf 79' lang='lat' dir='ltr'>vellicatis</span> 
     </span>
     <span class='ocr_line' id='line_1_30' title="bbox 150 2127 1323 2180; baseline -0.002 -14"><span class='ocrx_word' id='word_1_202' title='bbox 150 2129 195 2166; x_wconf 91' lang='lat' dir='ltr'>de</span> <span class='ocrx_word' id='word_1_203' title='bbox 225 2129 326 2166; x_wconf 91' lang='lat' dir='ltr'>tenui</span> <span class='ocrx_word' id='word_1_204' title='bbox 357 2128 480 2166; x_wconf 84' lang='lat' dir='ltr'>officio</span> <span class='ocrx_word' id='word_1_205' title='bbox 521 2142 599 2166; x_wconf 89' lang='lat' dir='ltr'>eum</span> <span class='ocrx_word' id='word_1_206' title='bbox 639 2129 832 2167; x_wconf 87' lang='lat' dir='ltr'>monuerit.</span> <span class='ocrx_word' id='word_1_207' title='bbox 902 2127 1132 2180; x_wconf 70' lang='lat' dir='ltr'>Cynthius,</span> <span class='ocrx_word' id='word_1_208' title='bbox 1177 2128 1323 2178; x_wconf 75' lang='lat' dir='ltr'>Apono,</span> 
     </span>
     <span class='ocr_line' id='line_1_31' title="bbox 150 2195 1322 2247; baseline -0.002 -13"><span class='ocrx_word' id='word_1_209' title='bbox 150 2209 172 2234; x_wconf 84' lang='lat' dir='ltr'>a</span> <span class='ocrx_word' id='word_1_210' title='bbox 203 2196 367 2246; x_wconf 80' lang='lat' dir='ltr'>Cyntho,</span> <span class='ocrx_word' id='word_1_211' title='bbox 406 2201 529 2234; x_wconf 88' lang='lat' dir='ltr'>monte</span> <span class='ocrx_word' id='word_1_212' title='bbox 561 2196 664 2242; x_wconf 88' lang='lat' dir='ltr'>Deli,</span> <span class='ocrx_word' id='word_1_213' title='bbox 702 2196 737 2233; x_wconf 91' lang='lat' dir='ltr'>in</span> <span class='ocrx_word' id='word_1_214' title='bbox 777 2209 848 2247; x_wconf 89' lang='lat' dir='ltr'>quo</span> <span class='ocrx_word' id='word_1_215' title='bbox 880 2203 988 2234; x_wconf 86' lang='lat' dir='ltr'>natus</span> <span class='ocrx_word' id='word_1_216' title='bbox 1019 2203 1089 2234; x_wconf 87' lang='lat' dir='ltr'>est.</span> <span class='ocrx_word' id='word_1_217' title='bbox 1154 2195 1322 2233; x_wconf 62' lang='lat' dir='ltr'>,iurem</span> 
     </span>
    </p>
   </div>
   <div class='ocr_carea' id='block_1_3' title="bbox 147 2238 1320 2316">
    <p class='ocr_par' dir='ltr' id='par_1_4' title="bbox 147 2238 1320 2316">
     <span class='ocr_line' id='line_1_32' title="bbox 147 2238 1320 2316; baseline -0.003 -14"><span class='ocrx_word' id='word_1_218' title='bbox 147 2261 435 2312; x_wconf 70' lang='lat' dir='ltr'>pervellere-tes</span> <span class='ocrx_word' id='word_1_219' title='bbox 466 2264 571 2315; x_wconf 81' lang='lat' dir='ltr'>quasi</span> <span class='ocrx_word' id='word_1_220' title='bbox 600 2263 715 2302; x_wconf 85' lang='lat' dir='ltr'>auditi</span> <span class='ocrx_word' id='word_1_221' title='bbox 745 2264 899 2316; x_wconf 88' lang='lat' dir='ltr'>aliquem</span> <span class='ocrx_word' id='word_1_222' title='bbox 924 2238 1320 2302; x_wconf 59' lang='lat' dir='ltr'>cmiimoncfuciebant:</span> 
     </span>
    </p>
   </div>
  </div>
 </body>
</html>
