1515 2620
155 203 245 243 190
533 192 737 230 ecLoGA
770 191 825 236 x,
862 196 984 231 1—3.

155 308 278 347 animo
307 309 414 358 legat
445 309 642 343 commota.
675 303 823 354 Caprae
851 315 957 341 meae
987 300 1175 340 fruticetis
1205 302 1351 341 interea

156 380 373 427 pascuntur,
405 376 443 409 et
474 372 593 408 saltus
623 370 706 409 voci
737 375 930 408 resonant.

270 446 391 478 1—3.
422 436 650 476 Arethusa
669 436 753 474 fons
785 437 1045 488 appellabatur
1075 435 1353 483 celeberrimus,

155 508 300 546 insulae
339 505 546 557 Ortygiae,
603 517 698 555 quae
743 510 911 554 quartam
956 509 1099 555 partem
1145 504 1354 553 Syracusa-

156 589 233 612 rum
265 573 369 611 urhis
399 572 563 609 tenebat.
618 572 808 622 ¹Nymphae
839 571 998 608 fontium
1031 584 1140 621 quum
1173 583 1195 607 a
1225 575 1354 621 pasto·

156 642 259 679 ribus
298 641 392 678 deae
431 652 515 677 esse
554 640 800 677 crederentur
838 638 987 676 numine
1025 650 1094 674 suo
1126 636 1355 688 inspirantes

157 723 190 747 v.
225 714 290 747 10.
332 710 401 747 55.
443 707 513 751 ΙΙΙ,
556 712 621 746 85.
663 707 748 751 vn,
790 711 862 751 213
900 706 946 743 ad
985 706 1208 743 Arethusam
1248 717 1354 741 suam

158 775 389 814 Theocritus
411 776 676 824 Syracusanus
706 773 862 823 spiritus
892 786 983 810 suos
1014 773 1230 823 plerumque
1247 783 1354 809 acce-

157 847 243 894 ptos
275 840 477 879 referebat.
515 840 691 877 Moschus
723 841 786 886 ΙΙΙ,
820 845 872 880 77
903 841 949 878 de
980 840 1144 878 Homero
1175 844 1214 878 et
1232 838 1353 876 Bione

158 909 313 955 cecinit:

338 983 464 1017 Dilecti
491 983 617 1028 pariter
641 982 774 1017 fuerant
799 995 818 1017 a
844 983 1013 1023 sonti}›ns;
1039 986 1126 1017 alter

338 1042 528 1083 Pegaseo&
556 1042 642 1073 alter
668 1040 798 1074 biberat
825 1041 941 1073 latices
966 1040 1170 1073 Arethusae.

162 1112 317 1161 ipseque
348 1110 586 1146 Theocritus
616 1122 657 1146 se
682 1109 854 1160 jactabat
887 1110 965 1154 vll,
998 1115 1073 1148 91:

249 1205 292 1210 --
317 1205 361 1210 —
386 1202 427 1210 —-
455 1186 585 1226 Lycida
611 1185 670 1224 mi,
696 1196 750 1218 me
775 1186 924 1219 docuere

250 1241 390 1274 Eximia
415 1241 457 1274 ad
483 1245 616 1274 montes
642 1241 836 1285 Nymphae,
864 1253 967 1285 quum
994 1246 1148 1274 armenta
1172 1246 1300 1279 tuerer,

250 1298 373 1334 Multa,
397 1297 490 1330 Jovis
515 1297 631 1341 superi
657 1297 698 1329 ad
724 1297 846 1330 solium
872 1309 959 1342 quae
984 1298 1074 1330 fama
1099 1296 1241 1330 ferebat.

161 1367 241 1404 Hoc
271 1372 460 1417 postremo
493 1366 576 1403 loco
614 1366 698 1403 mihi
736 1367 905 1417 adspira,
943 1367 1113 1417 Nympha
1143 1364 1356 1403 Theocriti.

165 1434 325 1474 Quando
357 1434 499 1470 demum
535 1433 716 1484 Virgilio,
755 1435 834 1485 ajo,
877 1434 931 1472 ita
961 1434 1085 1471 dicere
1117 1433 1242 1478 licuit,
1283 1432 1356 1469 nisi

162 1512 261 1536 anno
295 1499 515 1544 Dccxvn,
547 1512 657 1549 quum
687 1501 818 1550 majori
850 1501 967 1551 operi,
1001 1501 1154 1538 carmini
1185 1501 1231 1538 de
1256 1499 1360 1552 agri-

163 1565 309 1602 cultura
339 1572 493 1616 coepto,
537 1571 656 1602 totum
687 1579 728 1603 se
760 1567 850 1604 dare
880 1568 1094 1613 constituit,
1127 1568 1273 1617 itaque,
1304 1566 1360 1603 uti

162 1632 323 1677 videtur,
355 1634 532 1681 eclogas
562 1645 662 1677 suas,
695 1632 731 1669 id
763 1638 840 1677 est,
873 1634 1105 1671 emendatam
1137 1634 1357 1671 electionem

163 1699 300 1749 passim
332 1699 516 1736 editorum
541 1698 763 1746 idylliorum,
795 1699 864 1736 hoc
881 1700 1085 1737 novissimo
1103 1705 1140 1738 et
1159 1709 1357 1738 extremo

164 1770 324 1811 auctam,
355 1765 392 1802 in
424 1766 543 1803 lucem
574 1765 719 1802 emisit?
752 1766 883 1803 Aleae
911 1765 1088 1812 Gallus,
1123 1768 1202 1818 ipse
1233 1773 1358 1818 poeta,

164 1831 223 1870 cui
254 1832 318 1870 vix
351 1833 421 1869 dea
451 1832 574 1882 aliqua
604 1832 750 1882 poetria
780 1846 930 1870 carmen
969 1835 1187 1886 negaverit,
1226 1848 1358 1873 versus

165 1899 310 1949 expetit
339 1912 361 1936 a
391 1899 511 1943 nobis,
542 1899 747 1945 Arethusa3
775 1912 945 1948 paucos
962 1901 1119 1951 expetit,
1151 1907 1201 1947 et,
1233 1915 1359 1952 quam-

165 1965 222 2003 vis
261 1965 383 2002 animo
420 1965 566 2011 laesus,
615 1974 761 2004 tamen
796 1967 912 2013 mitis,
957 1974 994 2005 te
1032 1968 1214 2019 placidam
1252 1968 1357 2006 deam

167 2033 364 2078 decentes,
405 2036 446 2068 ut
483 2033 540 2070 vel
571 2032 733 2082 Lycoris
772 2047 838 2071 eos
876 2036 1000 2084 legat
1035 2036 1282 2087 resipiscenS,
1320 2039 1360 2073 et

167 2098 354 2136 levitatem
386 2111 503 2144 suam,
535 2105 738 2137 amatorem
770 2105 843 2138 tam
874 2107 1043 2139 tenerum
1068 2102 1227 2155 fugisse,
1257 2102 1360 2140 dam·

169 2169 243 2201 net.
277 2165 332 2202 De
365 2165 570 2203 Cornelio
607 2166 742 2205 Gallo
773 2168 820 2205 ad
850 2174 996 2207 sextam
1027 2170 1198 2222 eclogam
1230 2170 1267 2208 in
1298 2183 1358 2208 ar-

168 2232 337 2282 gumenti
367 2232 583 2270 narratione
613 2238 652 2270 et
680 2247 716 2272 v.
748 2240 802 2274 64
833 2235 1006 2274 diximus.
1064 2237 1179 2275 Tunc
1211 2237 1359 2288 quidem

170 2309 267 2334 anno
298 2298 470 2336 Dccxv
502 2300 654 2346 Gallus,
691 2315 812 2340 annos
842 2309 953 2342 natus
982 2303 1119 2356 viginti
1147 2317 1239 2350 sex,
1269 2308 1359 2355 post
