1515 2620
208 153 294 194 mo
518 144 723 183 EcLoaA
757 145 853 191 vm,
884 147 1064 185 26—30.

205 259 421 298 custodiens
473 269 556 294 cum
608 255 816 307 Arimaspis
859 255 1010 294 assidue
1055 255 1186 293 bellum
1231 258 1393 310 gerebat

206 326 312 376 equis
349 322 592 363 vehentibus:
633 323 733 360 unde
762 323 862 360 inter
892 323 1011 374 ipsum
1042 327 1080 360 et
1111 335 1243 373 equum
1272 325 1393 363 inimi·

205 392 307 430 citia.
366 390 528 428 Frenum
548 391 800 441 jugumque
829 393 1129 428 vecturarium
1151 392 1393 440 quorumdam

204 463 348 495 tantum
400 457 554 495 deorum
598 457 813 508 patiebatur
855 457 891 495 in
941 457 1077 494 fabulis
1122 457 1394 508 posterioribus

206 526 299 576 Epp.
330 525 448 574 Myth.
480 525 533 569 ΙΙ,
582 529 747 563 16-19
781 521 1000 575 (54-57).
1059 524 1239 562 Proxima
1269 525 1394 577 imago

205 592 337 638 (locet,
364 592 507 642 jungi
547 591 605 629 hic
635 591 788 642 propria
818 605 887 628 sua
918 596 1125 642 potestate,
1168 591 1317 629 minime
1348 591 1395 629 de

204 659 326 705 coitu,
365 671 461 697 esse.
522 658 713 696 Mediceus
750 658 843 696 liber
883 660 1068 696 Graecam
1099 658 1253 696 formam
1283 672 1394 710 gry-

200 739 280 776 pee
312 726 437 763 habet.
496 726 528 762 A
560 725 792 766 Quintiliano
824 725 898 772 IX,
933 733 968 772 3,
999 731 1024 765 6
1056 728 1210 764 damae
1239 732 1278 764 et
1308 728 1394 764 tal-

200 806 290 843 pae
320 792 418 831 virili
450 805 593 843 genere
615 792 761 843 Virgilii
794 792 891 829 inter
922 793 1100 830 audacias
1131 798 1394 840 numerantur3

203 873 296 910 quas
326 858 437 897 facile
468 858 733 909 improbaverit
763 860 946 898 Maevius.
1006 861 1238 906 Poculum,
1270 866 1394 912 potus,

204 927 331 977 potio,
378 925 425 964 ab
462 925 616 976 antiquo
650 938 749 973 pov.
811 928 966 977 Vesperi
997 941 1136 978 sponsa
1167 941 1247 965 cum
1269 930 1393 975 faci·

206 994 285 1031 bne
316 993 455 1044 pineis,
508 993 679 1039 corneis,
728 1007 774 1031 ex
807 994 916 1045 spina
947 995 1032 1032 alba
1061 995 1208 1045 aliaque
1238 995 1395 1032 materia

205 1060 252 1097 ad
291 1073 467 1111 sponsum
499 1061 809 1098 deducebatur.
870 1060 1087 1098 Hafniensis
1121 1062 1158 1099 C
1183 1063 1294 1099 habet
1324 1065 1395 1100 in-

203 1128 359 1173 cende,
409 1127 509 1177 quod
550 1128 785 1165 Burmannus
822 1128 912 1165 alibi
942 1141 1089 1178 quoque
1120 1128 1394 1167 animadvertit.

205 1194 377 1245 Tempus
407 1207 571 1244 aequare
602 1193 797 1241 volebantg
837 1195 904 1233 sed
935 1195 971 1232 id
1003 1195 1120 1246 ipsum
1152 1195 1264 1232 animi
1295 1208 1395 1233 com·

206 1261 302 1298 moti
335 1266 598 1313 argumentum
639 1267 715 1306 est,
764 1262 862 1312 quod
901 1262 1106 1313 desperans
1144 1268 1288 1313 tempus
1325 1263 1395 1300 lioc

207 1328 425 1366 matutinum
457 1342 537 1366 cum
569 1328 804 1366 formidando
836 1343 1005 1380 vespere,
1038 1329 1098 1380 qui
1130 1330 1163 1367 ei
1194 1336 1283 1367 ante
1306 1343 1394 1368 ocu-

208 1397 265 1433 los
296 1396 536 1443 obversatur,
569 1409 643 1433 una
675 1397 952 1447 complectitur:
992 1397 1118 1434 Caede
1149 1411 1248 1435 nunc
1277 1397 1394 1446 faces,

205 1462 353 1513 vesperi
391 1463 437 1500 ad
478 1467 514 1500 te
554 1463 730 1508 ducetur3
777 1478 917 1515 sparge
949 1470 1037 1501 tunc
1068 1478 1203 1510 nuces,
1253 1466 1394 1516 conjux

201 1528 345 1575 future,
376 1543 475 1567 nunc
506 1530 622 1580 ipsum
654 1530 845 1580 Hesperus
877 1537 961 1567 tuus
994 1530 1141 1567 futurus
1173 1531 1207 1568 in
1240 1531 1395 1570 Oriente

200 1596 326 1634 micat.
384 1596 530 1633 A'uces
560 1597 810 1645 juglandes
841 1598 995 1634 comites
1028 1598 1172 1635 Plinius
1204 1599 1297 1644 XV,
1341 1604 1393 1638 24

200 1663 365 1715 appellat
394 1663 613 1714 nuptialium
645 1663 977 1701 Fescenninorum.
1038 1665 1190 1703 Obviam
1230 1679 1299 1704 eae
1329 1667 1395 1704 ad-

199 1730 364 1770 venienti
394 1743 556 1782 sponsae
587 1731 864 1783 spargebantur
895 1744 1008 1781 saepe
1039 1745 1061 1768 a
1089 1745 1253 1782 sponso,
1302 1747 1395 1784 quo-

200 1798 300 1836 niam
336 1798 550 1836 resilientes
588 1804 626 1835 et
665 1803 877 1849 strepentes
916 1797 1008 1835 felix
1040 1799 1245 1850 auspicium
1278 1799 1395 1838 facie-

199 1865 308 1912 bant3
350 1878 465 1916 saepe
494 1878 517 1903 a
547 1865 693 1916 pueris,
733 1878 875 1916 sponsa
904 1878 950 1902 ne
981 1866 1067 1915 quid
1099 1866 1248 1904 adversi
1278 1881 1395 1906 exau-

201 1932 318 1978 diret,
363 1932 442 1971 sive
473 1933 520 1970 ad
550 1933 654 1969 lusus
687 1933 878 1978 desertos,
924 1932 997 1970 nisi
1028 1933 1210 1971 occultius
1241 1935 1392 1985 aliquid,

199 1998 491 2052 significand0s3
534 2013 648 2050 saepe
685 2006 773 2038 ante
816 2000 1014 2037 thalamum
1054 2014 1202 2051 quoque
1232 2015 1390 2052 sponsa-

199 2067 271 2105 lem
303 2066 548 2105 mittebantur
580 2067 679 2104 inter
710 2080 871 2117 puerOS,
902 2067 965 2118 qui
996 2067 1158 2105 lascivos
1190 2068 1392 2106 Fescenni-

199 2148 270 2172 nos
314 2134 521 2181 canebant,
566 2140 606 2172 ut
651 2135 857 2191 legentium
901 2135 1058 2172 tumultu
1096 2148 1259 2185 sponsae
1302 2149 1391 2182 vox,

199 2202 373 2255 virgineo
414 2203 557 2254 pudore
595 2202 814 2248 renitentis,
853 2202 1140 2253 opprimeretur.
1199 2203 1391 2241 Thessalo

201 2269 382 2323 Virgilius
426 2283 473 2307 an
520 2283 642 2307 mores
680 2269 973 2308 commodaverit
1011 2270 1226 2307 Romanos(
1274 2269 1390 2307 Talin
