1515 2620
228 149 316 190 1112
542 139 749 178 nemea
777 139 876 185 vui,
905 142 1087 180 77—78.

225 267 299 306 que
329 257 367 291 et
395 250 507 288 inferi
536 249 706 287 fautores
734 248 791 287 rei
820 248 1010 300 magicae,
1041 261 1137 300 quos
1165 250 1325 289 Didonis
1355 263 1416 289 sa-

226 320 360 359 cerdos
404 317 499 354 Aen.
544 317 614 362 lv,
665 319 747 356 510
784 320 823 354 et
861 316 997 354 Medea
1036 316 1159 355 Ovidii
1188 317 1295 355 Met.
1334 319 1414 365 vn,

228 391 307 425 192
344 385 542 430 invocant3
585 383 725 434 triceps
765 396 840 420 non
880 387 1023 420 tantum
1054 383 1230 421 videlicet
1258 384 1414 422 Hecate.

337 455 519 490 77-78.
578 451 686 488 Nunc
716 451 840 500 puella
868 448 1038 488 venefica
1063 450 1190 488 sociae
1212 463 1305 488 suae
1323 450 1416 488 duas

224 518 410 570 imagines
441 517 650 567 Daphnidis
680 517 813 562 tradit,
844 517 1085 568 argillaceam
1116 518 1292 562 alteram,
1323 517 1415 555 alte-

224 599 303 624 ram
341 597 509 629 ceream,
551 588 593 621 ut
623 588 661 622 et
691 584 791 634 ipsas
822 596 953 622 novem
980 596 1028 621 ex
1058 583 1144 621 licio
1175 584 1285 622 trium
1315 583 1413 621 colo·

224 666 303 690 rum
334 651 408 689 filis
437 651 723 698 circumvolvat,
755 655 793 688 et
823 656 930 688 terna
959 649 1035 698 fila,
1066 651 1218 703 singula
1247 663 1416 701 unoquo-

223 733 295 770 que
326 719 464 763 colore,
496 731 577 755 cum
608 717 876 768 imprecatione
906 717 943 754 in
975 717 1093 754 nodos
1119 717 1288 756 innectat
1314 730 1416 754 amo-

223 787 297 833 ris3
335 787 418 823 dum
459 785 541 834 ipsa
577 783 748 835 defigens
785 784 969 822 turbinem
999 789 1137 823 versat.
1168 806 1222 812 —
1253 785 1293 821 ln
1325 782 1417 821 Haf-

224 853 348 891 niensi
378 852 426 889 D
457 851 593 888 desunt
623 855 701 888 tres
731 864 864 889 versus
895 856 1087 898 77-793
1119 864 1249 889 omnes
1279 851 1417 888 habent

224 921 366 964 morlo,
398 923 521 956 tamen
550 916 595 955 A
623 919 734 955 nodo
765 918 878 954 habet
907 930 928 954 8
959 931 1072 968 supra
1102 918 1303 968 inscripto:
1343 930 1417 967 qua

224 986 387 1024 lectione
418 997 546 1036 parum
578 984 752 1030 metrica,
784 988 911 1029 erant,
943 984 1006 1034 qui
1036 984 1163 1021 nescio
1195 997 1304 1035 quam
1335 983 1417 1022 effi-

224 1052 422 1091 cacitatem
478 1056 664 1089 sertorum
709 1051 892 1087 nodorum
938 1051 1174 1102 designatam
1227 1055 1416 1101 putarent.

223 1119 370 1157 Alacris
400 1118 597 1169 repetitio:
629 1117 765 1155 Necte
793 1119 930 1162 modo,
963 1116 1224 1167 Amarylli!
1255 1130 1331 1154 rem
1363 1116 1418 1154 fe-

223 1187 399 1224 stinatam
436 1185 615 1235 postulat.
675 1184 814 1221 Rarius
844 1185 913 1221 hac
943 1189 1134 1234 potestate
1164 1183 1300 1221 dictum
1331 1197 1417 1221 mo-

224 1255 277 1291 do
308 1253 346 1289 in
376 1251 524 1288 Horatii
555 1253 637 1288 Sat.
669 1252 715 1296 ll,
748 1257 786 1297 3,
820 1256 899 1290 276
922 1251 1182 1303 ignorabatur,
1213 1250 1275 1287 ubi
1295 1263 1417 1288 scru-

223 1328 323 1357 tare
352 1320 495 1363 modo,
534 1321 735 1369 iuquam,
767 1317 791 1354 i.
823 1331 855 1355 e.
887 1331 982 1369 age,
1014 1323 1184 1355 scrutare
1214 1331 1325 1363 vero,
1364 1317 1419 1354 in-

223 1399 351 1437 quam,
403 1386 602 1436 legendum
642 1390 712 1422 est.
781 1386 836 1422 lta
875 1385 973 1435 apud
1003 1385 1197 1431 Plautum,
1242 1385 1418 1423 Trinum.

223 1453 270 1497 ΙΙ,
302 1457 339 1498 4,
377 1456 473 1489 182:
505 1450 539 1487 I
565 1453 716 1487 modo!
749 1452 762 1486 Ι
794 1452 903 1488 vero!
939 1449 1065 1501 (Alios
1095 1453 1201 1490 locos
1233 1452 1417 1488 Heindor-

222 1518 295 1555 fius
325 1518 436 1554 habet
466 1518 503 1553 in
537 1517 682 1553 Horatii
714 1517 833 1553 locum
865 1517 1085 1567 laudatum).
1147 1519 1268 1554 Etiam
1294 1518 1419 1555 acrius

223 1583 524 1635 pharmaceutria
569 1583 769 1620 Theocriti
817 1583 956 1620 sociam
995 1584 1161 1635 castigat
1200 1585 1256 1621 his
1294 1584 1419 1622 verbis

220 1650 417 1689 socordem
448 1650 495 1694 ll,
530 1654 602 1687 18:

314 1737 454 1770 Urimus
478 1736 560 1778 igne
584 1738 710 1769 molam
737 1736 899 1779 primurm
936 1747 1046 1777 nunc,
1083 1736 1253 1778 Thestyli,
1280 1749 1419 1781 sparge,

315 1794 391 1833 En,
419 1793 503 1833 age!
531 1791 672 1834 Infelix,
701 1803 768 1835 quo
794 1804 889 1825 mens
915 1791 1046 1833 aufugit
1073 1791 1236 1835 ineptae?

316 1850 534 1890 lmportuna,
560 1847 619 1880 tibi
645 1859 725 1880 nuni
752 1848 897 1880 ludibrio
923 1860 998 1880 esse
1023 1859 1088 1889 ego
1115 1848 1260 1891 possim!

316 1905 451 1946 Sparge
475 1903 576 1935 simul
600 1903 735 1935 dicens:
764 1905 859 1936 llaec
884 1903 1062 1946 Delphidis
1087 1915 1166 1936 ossa
1191 1916 1256 1946 ego
1280 1916 1418 1948 spargo.

227 1983 300 2021 Ubi
337 1988 374 2020 et
412 1983 529 2033 ipsum
561 1983 779 2020 adumbrata
811 1983 971 2020 actionis
1003 1984 1204 2034 trepidatio
1235 1985 1421 2034 interpre—

228 2055 287 2088 tes
318 2048 584 2087 confundebat.
644 2050 759 2086 Aodi
790 2054 979 2095 amoris,
1012 2051 1058 2087 ad
1090 2050 1291 2102 illigandos
1321 2065 1422 2088 mua-

228 2122 351 2153 torum
381 2116 546 2161 animos,
579 2116 697 2152 omnis
729 2117 963 2154 habebantur
993 2117 1158 2168 generis.
1219 2118 1301 2154 dnm
1333 2117 1419 2155 Pla·
1449 2163 1453 2165 ι

229 2183 329 2220 tonis
359 2183 507 2234 legibus
539 2188 684 2220 cautum
717 2188 818 2228 erat,
860 2197 907 2221 ne
938 2183 1191 2228 devincirent,
1224 2196 1270 2220 ne
1302 2183 1421 2220 dedu-

228 2253 377 2295 cerent,
416 2262 462 2286 ne
502 2250 739 2288 incantarent
769 2254 807 2287 et
836 2250 971 2288 similia
1002 2249 1185 2289 veneficia
1215 2254 1423 2288 tractarent
