1515 2620
415 135 620 174 ECLOGA
650 134 700 181 X,
734 138 910 173 16-18.
1183 140 1274 181 205

88 251 218 290 tiolas!
271 263 341 288 nos
385 262 461 287 non
508 247 766 286 reformidant.
833 247 898 284 Tu
943 259 1089 297 quoque
1126 246 1276 284 humilia

87 331 229 371 pascua
265 331 313 356 ne
355 315 599 362 reformides3
644 314 703 353 vel
740 314 821 364 ipse
858 313 1021 359 Adonis,
1068 314 1278 352 deliciolum

88 385 248 423 Veneris
279 389 488 431 venustum,
519 395 609 421 oves
627 394 702 419 non
719 381 945 433 dedignatus
962 386 1020 418 est
1038 394 1205 432 pascere.
1222 402 1276 410 -—

89 451 328 503 Descriptio,
367 451 498 489 Gallus
528 449 712 500 quomodo
743 448 781 485 in
812 448 975 486 Arcadia
1005 454 1187 499 exceptus
1217 448 1278 494 sit,

90 518 283 571 praesenti
313 522 479 569 tempore
509 515 654 554 orditur
683 514 857 553 alacrior.
894 516 1003 566 Apud
1034 516 1279 554 Theocritum

93 587 121 634 l,
152 590 206 626 74
237 598 330 624 suae
360 585 476 637 ipsius
507 584 553 622 (le
583 582 779 633 Daphnide
810 583 924 621 boves
954 583 1108 634 lugent:

226 663 318 696 Ante
341 662 447 706 pedes
471 659 569 694 multi
592 659 679 693 tauri
703 661 900 702 multaeque
919 658 1105 700 juvencae,

228 718 359 751 Multae
383 720 462 751 sunt
486 726 609 751 vaccae
633 719 774 759 questae
798 715 914 748 tristes
938 714 1146 759 vitulaeque.

93 787 215 840 Hujus
251 787 326 825 loci
363 785 592 837 comparatio
638 784 843 837 indiligens
880 784 1105 835 interpretes
1142 783 1283 834 aliquot

94 854 328 893 recentiores
358 854 396 892 in
427 867 509 891 eum
541 865 707 891 errorem
738 851 904 897 induxit,
944 856 984 888 ut
1015 851 1160 889 Gallum
1192 864 1283 901 quo-

95 935 168 973 que
204 926 393 972 pastorem
429 920 653 958 Arcadicum
701 931 785 956 esse
833 919 1098 969 opinarentur3
1154 923 1283 969 pastor

94 1001 315 1040 quamquam
345 987 492 1039 pecoris
523 985 800 1024 circumstantis
832 999 867 1024 v.
904 991 952 1025 19
984 987 1103 1031 adest,
1135 991 1173 1023 et
1195 985 1284 1023 Gal-

92 1057 152 1095 lus
182 1070 218 1096 v.
250 1058 302 1095 35
333 1068 408 1093 non
438 1059 586 1106 pastor,
625 1053 691 1090 sed
721 1066 756 1091 v.
788 1057 841 1091 44
880 1053 1038 1090 bellator
1075 1066 1159 1090 esse
1197 1065 1284 1103 que-

94 1123 204 1161 ritur.
234 1123 432 1161 Pastorem
463 1121 600 1172 quippe
630 1119 849 1157 Arcadicum
881 1133 955 1156 non
977 1119 1104 1157 Galle·
1136 1120 1286 1157 nomine

95 1189 299 1242 Virgilius,
344 1190 429 1236 sed,
480 1187 783 1238 quemadmodum
834 1187 972 1224 dulium
1011 1188 1210 1225 Caesarem
1248 1192 1287 1224 et

95 1263 215 1296 semet
251 1257 371 1308 ipsum
408 1256 446 1293 in
486 1256 615 1306 quinta
651 1254 807 1306 ecloga,
848 1255 987 1292 rustico
1019 1254 1284 1293 introduxerit.

95 1324 300 1363 Poeniteb
331 1338 414 1370 me,
452 1323 558 1375 piget
593 1335 672 1367 me,
710 1322 899 1367 detrecto,
937 1322 1102 1373 despicio
1135 1324 1187 1368 ΙΙ,
1221 1327 1287 1361 34.

97 1391 354 1430 Clementibus
385 1391 516 1430 ovibus
547 1395 677 1427 nostra
708 1402 781 1425 uon
814 1389 984 1439 displicet
1007 1390 1189 1433 societas3
1222 1390 1288 1427 tibi

97 1472 247 1510 quoque
288 1472 335 1496 ne
365 1458 487 1497 ovium
518 1457 725 1507 displiceat.
784 1455 966 1502 Nostri,
1006 1456 1079 1502 tui,
1112 1469 1133 1493 o
1166 1456 1288 1502 Galle,

97 1530 137 1565 et
173 1526 262 1572 mei,
309 1524 372 1576 qui
419 1529 456 1562 te
499 1521 704 1575 (allegoria
741 1522 849 1574 usus)
896 1522 933 1560 in
972 1520 1144 1561 Arcadia
1181 1525 1290 1574 posui

96 1607 133 1632 v.
165 1597 232 1632 26.
270 1593 335 1630 Tu
365 1604 513 1642 quoque
544 1604 590 1628 ne
620 1590 730 1635 nolis,
762 1591 920 1636 (Home,
951 1590 1129 1638 sublimis,
1155 1597 1290 1638 poeta

97 1660 150 1707 V,
183 1662 257 1705 45,
288 1671 449 1705 mecum,
489 1662 601 1708 po'eta
630 1656 794 1702 rustico,
833 1656 930 1693 inter
960 1669 1105 1709 greges
1135 1659 1291 1697 versari.

99 1727 301 1765 Pastorum
331 1726 424 1763 ordo
456 1738 531 1762 non
563 1725 615 1762 ita
647 1724 732 1761 olim
764 1729 974 1761 contemtus
1013 1729 1118 1775 erat5
1156 1726 1291 1763 heroes

99 1806 260 1846 quoque,
290 1792 373 1831 Diis
404 1791 531 1836 amici,
563 1790 682 1841 qualis
712 1790 904 1837 Adonis,
946 1791 1044 1829 inter
1074 1792 1165 1830 deos
1196 1793 1292 1830 rela-

100 1866 174 1907 tus,
205 1859 406 1910 aliquando
438 1858 653 1909 pascebant.
697 1858 806 1908 Apud
836 1857 1081 1896 Theocritum
1108 1860 1292 1897 Venerem

99 1927 270 1979 Daphnis
315 1927 362 1964 ob
408 1938 571 1963 amorem
616 1924 813 1962 cavillatur
852 1925 1058 1972 Anchisae,
1103 1927 1216 1966 boves
1254 1928 1290 1964 in

100 1994 312 2046 quercubus
344 1992 466 2031 idaeis
497 1991 699 2043 pascentis,
731 1992 822 2030 haec
853 1992 1033 2043 adjiciens
1069 1994 1095 2038 Ι,
1132 1999 1226 2033 109:

235 2072 358 2104 Floret
380 2068 510 2102 Adonis
535 2069 638 2107 euim,
665 2078 767 2112 pecus
793 2073 826 2101 et
850 2069 997 2102 custodit
1021 2070 1124 2109 ovile,

240 2127 286 2161 Et
310 2125 386 2169 figit
410 2127 558 2169 lepores,
586 2125 669 2158 alias
693 2124 916 2167 sequiturque
940 2123 1101 2158 serarum.

105 2195 254 2235 Acerba
292 2208 384 2233 sane
415 2193 624 2237 cavillatio,
664 2193 939 2231 adolescentem
971 2195 1052 2246 ejus
1083 2194 1292 2241 florentem,

104 2269 143 2303 et
173 2276 264 2304 oves
294 2267 507 2314 pascentem
540 2261 717 2307 imbelles,
751 2261 807 2299 vel
839 2265 971 2300 contra
1001 2262 1148 2312 lepores
1179 2264 1294 2302 unda·
