1472 2620
434 165 636 203 ECLOGA
667 164 732 210 Vl,
771 168 959 204 62—63.
1226 173 1284 210 57

118 278 254 315 iterare
296 277 438 324 solent,
481 278 588 329 quale
625 276 806 314 Homerus
844 279 880 314 in
917 281 1021 315 scuto
1051 276 1201 314 Achillis
1232 275 1283 322 ἐν,

117 350 155 382 et
183 344 413 382 Theocritus
442 344 516 390 XI,
549 348 612 383 45.
644 342 733 382 ἐντί.

230 417 419 452 62-63,
477 412 577 449 Tum
609 411 848 448 Phaethontis
879 410 972 449 filias
1002 425 1171 449 muscoso
1202 425 1282 449 cor-

118 480 189 517 tice
219 480 354 525 vestit,
394 485 430 518 et
460 480 565 518 alnos
595 478 714 516 factas
746 479 878 530 erigit:
927 480 949 516 i.
983 494 1015 517 e.
1047 479 1283 516 mutationem

116 560 241 584 earum
281 547 316 583 in
357 548 461 584 alnos
499 546 633 585 factam
664 559 781 596 aeque
811 546 979 596 speciose
1011 552 1120 585 cantu
1151 561 1280 598 propo-

117 614 183 660 nit,
215 627 258 651 ac
288 614 320 651 si
350 628 526 665 praesens
557 628 601 652 ea
630 613 696 652 fiat
727 614 791 659 ΙΧ,
826 617 888 651 20.
922 613 1086 651 Corteoe
1108 615 1177 651 hoc
1201 615 1282 652 loco

117 681 316 733 Virgilius,
363 683 460 733 quod
496 687 642 722 veteres
681 682 946 725 observarunt,
993 693 1085 717 sexu
1125 680 1282 718 femineo

116 761 228 786 ausus
258 754 334 795 est,
373 763 481 800 quum
512 750 603 788 alias
633 750 726 786 Aen.
757 749 844 793 ΥΙΙ,
875 751 969 787 742.
1001 761 1093 785 sexu
1123 747 1219 786 virili
1247 748 1282 784 id

115 816 265 854 dixerit.
331 816 507 869 Linguae
545 817 738 862 custodes,
784 816 844 866 qui
883 816 1008 853 eadem
1046 820 1168 852 aetate
1205 814 1283 852 fue—

113 888 230 929 runt,
293 884 367 921 tale
417 885 503 934 quid
546 898 672 935 parum
715 883 889 920 Latinum
936 896 1018 920 esse
1061 882 1282 935 arguebant.

114 947 357 996 Phaethon,
403 949 551 996 lucens,
597 951 693 1001 quod
731 951 775 987 ab
814 951 972 987 Homero
1011 950 1110 987 Solis
1147 950 1283 987 nomini

115 1018 299 1069 adjicitur,
330 1017 523 1069 singulare
552 1017 820 1068 posterioribus
851 1019 1011 1069 ejusdem
1037 1031 1166 1054 nomen
1190 1023 1282 1063 erat,

116 1085 228 1136 Orph.
259 1085 326 1132 fr.
364 1085 441 1122 Vll.
480 1085 585 1137 virg.
623 1086 714 1123 Aen.
758 1085 804 1130 V,
856 1091 944 1123 105.
977 1086 1044 1122 Sil.
1076 1086 1148 1131 xl,
1190 1091 1281 1124 371.

116 1153 195 1190 val.
234 1152 360 1190 Flacc.
400 1153 468 1198 ΙΙΙ,
509 1158 607 1198 213,
647 1158 683 1190 et
714 1153 843 1190 crebro
875 1153 968 1203 apud
1001 1153 1188 1198 Nonnum‚
1227 1165 1283 1189 se-

116 1220 273 1258 cundum
310 1232 414 1270 quem
453 1234 556 1257 suum
594 1220 707 1270 ipsius
747 1234 876 1257 nomeu
908 1220 973 1257 Sol
1004 1219 1079 1257 filio
1111 1220 1282 1257 dederat:

115 1288 224 1338 plane
261 1287 334 1332 sic,
381 1293 422 1323 ut
458 1286 675 1332 Phoebus,
722 1300 852 1338 purus,
899 1287 1059 1337 Apollini
1090 1287 1282 1338 adJectum,

114 1359 265 1406 postea,
311 1367 417 1404 quum
463 1350 681 1405 ἀλληγορία
728 1355 832 1391 deum
870 1359 1064 1404 utrumque
1101 1354 1282 1399 misceret,

113 1422 212 1459 Solis
243 1434 375 1458 nomen
406 1419 542 1457 factum
573 1426 641 1458 est.
702 1422 804 1473 Ergo
834 1419 1174 1458 Phaethontides
1204 1420 1282 1458 sive

113 1486 502 1533 Phaethontiades,
542 1502 589 1525 ex
620 1489 799 1525 communi
832 1488 1002 1538 loquendi
1032 1501 1120 1533 usu,
1149 1488 1281 1534 filiae

114 1554 399 1594 Phaethontis
429 1555 507 1594 sive
539 1556 649 1603 Solis,
681 1555 772 1593 alias
795 1555 1009 1593 Ileliatles
1041 1555 1172 1599 dictae,
1203 1554 1281 1604 qui-

114 1624 264 1662 busdam
303 1623 517 1661 auctoribus
554 1628 640 1665 sunt
682 1628 777 1668 tres,
822 1623 903 1660 aliis
948 1623 1107 1672 quinque
1138 1623 1193 1660 vel
1224 1635 1281 1659 se-

112 1697 209 1744 ptem
239 1704 390 1730 sorores
406 1690 556 1742 juvenis
577 1690 821 1743 cognominis,
855 1703 972 1739 quem,
1005 1703 1025 1725 e
1054 1690 1151 1726 Solis
1171 1703 1279 1727 curru

117 1760 323 1811 delapsum,
365 1759 409 1796 ad
442 1759 640 1796 Eridanum
672 1758 862 1809 lugebant.
922 1757 1083 1793 Hesiodo
1113 1761 1277 1802 auctore,

116 1826 293 1877 siquidem
324 1827 472 1878 Hygino
493 1828 536 1873 fi
571 1830 647 1864 154
679 1824 770 1861 fides
801 1824 966 1861 habenda
996 1828 1073 1869 est,
1105 1829 1278 1873 parentes

116 1898 222 1931 erant
251 1894 357 1944 liujus
388 1893 646 1937 Pluststhoutis,
678 1892 737 1941 qui
769 1891 938 1941 perierat,
969 1891 1177 1941 Clymean
1209 1892 1278 1929 So-

116 1961 161 1998 lis
191 1960 299 2004 filius,
331 1964 368 1996 et
397 1959 560 2009 Merope,
591 1960 745 2009 nympha
772 1959 927 2003 Oceani3
958 1958 1132 2008 Euripide
1154 1959 1276 1996 Sti-ab.

117 2029 145 2066 Ι.
179 2042 212 2078 p.
245 2033 310 2066 33.
341 2032 378 2063 et
409 2027 589 2077 plerisque
619 2026 841 2071 auctoribus,
872 2025 967 2062 inter
996 2038 1087 2075 quos
1117 2026 1172 2063 vel
1205 2026 1275 2063 He-

117 2095 244 2133 siodus
274 2107 296 2131 a
326 2094 522 2131 scholiaste
553 2093 778 2139 Germanici,
810 2107 831 2130 a
861 2093 1016 2143 Didymo
1047 2093 1177 2142 Odyss.
1208 2093 1274 2139 Xl,

119 2165 212 2202 325.
242 2165 279 2199 et
308 2161 352 2199 ab
385 2161 580 2199 Lactantio
611 2162 655 2197 ad
686 2162 752 2198 0v.
783 2161 870 2197 Met.
903 2160 953 2203 ll,
987 2163 1076 2198 325.
1109 2173 1273 2198 numera-

119 2234 190 2276 tur,
221 2229 285 2266 Sol
317 2234 397 2266 erut
427 2234 464 2266 et
493 2229 678 2279 Clymene,
711 2228 864 2278 nympha
894 2225 1042 2272 Oceani,
1073 2239 1167 2263 uxor
1196 2228 1272 2265 Me-

119 2297 238 2349 ropis,
285 2296 387 2349 regis
426 2296 613 2334 ulterioris
643 2294 872 2346 Aethiopiae.
932 2294 1036 2332 Hunc
1066 2293 1271 2332 l’lnaEtlion-
