1472 2620
408 126 610 165 ECLOGA
642 126 699 163 vl.
762 130 947 164 13—17.
1219 132 1269 169 17

101 239 392 293 tesrigerabant:
432 238 566 277 Bacchi
602 236 706 275 amici
745 237 934 288 pampinos
969 235 1094 274 vitium
1132 243 1170 273 et
1207 250 1268 273 ra-

102 321 180 346 mos
209 307 430 345 hederaceos
460 319 538 343 cum
568 303 671 343 ssavis
708 305 890 354 corymbis
928 303 1160 341 adhibebant.
1228 305 1266 340 {n

101 374 325 415 vinolentiae
363 373 506 411 turbido
536 372 659 409 calore
690 384 828 408 corona
859 372 927 408 deo
960 371 1156 408 dormienti
1188 385 1263 408 non

101 447 241 480 tantum
272 442 474 486 deciderat,
505 440 581 486 sed,
613 452 826 489 quamquam
858 441 989 483 morlo„
1025 440 1135 488 paulo
1166 444 1264 485 ante,

101 509 138 546 id
168 509 302 546 factum
333 513 425 553 erat,
455 507 561 544 etiam
588 507 751 555 procul
769 506 936 556 jacebat:
970 506 992 541 i.
1025 518 1056 542 e.
1091 519 1156 555 pro
1187 505 1266 556 ipsa

100 576 155 614 rei
199 575 343 613 ratione
388 574 536 626 longius
579 574 726 618 aberat,
781 586 886 622 quam
934 572 964 608 si
1004 573 1149 608 sobrius
1187 587 1267 609 eam

99 643 292 681 amisisset.
360 642 459 679 Istud
502 642 662 690 procul
701 639 791 677 satis
838 640 1004 677 crebrum
1043 644 1121 684 est,
1169 640 1267 689 quod

101 723 221 763 genus
242 710 441 755 lhxxnl,
473 714 563 748 880.
596 707 792 752 AemXH,
824 711 917 745 470.
948 706 1110 743 Miitonii
1130 707 1206 743 Eva
1225 706 1266 751 V,

104 782 167 816 10.
198 777 327 814 somnii
359 776 670 827 perturbationem
701 774 842 825 capillis
873 773 1024 824 sparsis,
1055 773 1163 824 genis
1194 771 1267 810 fer-

100 844 269 882 ventibus
318 844 466 881 indicat.
550 844 694 880 Tamen
741 842 902 892 diligens
946 853 1063 877 senex
1111 840 1266 877 amicum

97 908 370 954 cantharum,
413 910 449 946 in
488 922 558 959 quo
597 909 752 958 denique
789 908 925 958 aliquid
955 908 1073 945 adhuc
1104 907 1179 946 viui
1211 907 1264 944 in-

97 982 197 1023 erat,
234 989 344 1021 ansa,
383 976 494 1012 multo
524 988 592 1012 usu
624 978 804 1021 auriac,
844 980 916 1012 tam
947 974 1100 1011 firmiter
1131 974 1265 1012 retine-

98 1044 176 1089 bat,
207 1048 248 1081 ut
276 1043 417 1081 incerto
448 1048 546 1080 statu
573 1044 785 1092 penderet
812 1042 974 1092 quidem,
1007 1043 1072 1079 sed
1102 1055 1177 1078 non
1208 1055 1266 1080 re-

96 1111 307 1149 clinaretur.
382 1110 566 1147 Tantum
610 1123 690 1147 cum
739 1110 952 1147 Camerario
993 1122 1037 1146 ea
1076 1114 1265 1159 potestate

95 1178 256 1229 accipio,
301 1190 372 1228 qua
403 1177 522 1214 rarius
554 1177 707 1221 dicitur,
746 1191 810 1227 pro
841 1178 979 1222 morlo,
1019 1177 1126 1227 paulo
1157 1182 1258 1222 ante,

95 1258 203 1295 quam
243 1246 406 1282 eamdem
438 1250 657 1294 potestatem
688 1252 853 1280 tcmt‘eme
884 1245 1001 1294 quod
1028 1244 1149 1281 babet.
1208 1245 1264 1280 lta

94 1312 131 1351 id
167 1311 319 1349 Servius
356 1311 638 1361 interpretatur,
677 1315 714 1347 et
752 1311 803 1347 ita
840 1311 875 1348 id
908 1311 1075 1348 Valerius
1105 1311 1262 1348 Flaccus

95 1378 190 1424 Vlll,
223 1383 313 1416 288.
345 1378 425 1414 sine
455 1377 563 1414 dubio
594 1377 760 1414 adhibet:

183 1455 346 1497 Quaeque
371 1452 425 1486 die
448 1451 557 1485 fuerat
580 1452 701 1495 raptim
727 1452 869 1485 formata
894 1453 954 1485 sub
980 1465 1061 1496 uno,

182 1510 228 1543 Et
259 1513 425 1542 tantum
457 1508 587 1550 dejecta
619 1509 687 1541 suis
712 1519 731 1541 a
755 1508 923 1541 montibus
949 1510 1059 1543 arbor.

91 1578 214 1617 Faber
239 1580 403 1628 procul
426 1585 591 1615 tantvm
621 1578 841 1628 conjunctim
872 1578 1014 1629 legens,
1046 1583 1083 1615 et
1109 1578 1154 1615 ad
1184 1577 1260 1615 imi-

93 1646 268 1684 tationem
306 1647 397 1696 τῆλε
432 1641 551 1682 τόσον
590 1645 819 1682 Graecorum
851 1645 885 1681 id
917 1645 1053 1682 dictum
1084 1658 1166 1682 esse
1196 1658 1260 1696 pu-

92 1718 194 1759 tans,
233 1716 344 1751 satis
380 1714 544 1762 procul
568 1725 611 1749 eo
642 1711 848 1763 significari
879 1726 987 1762 posse
1018 1713 1258 1763 opinabatur3

93 1781 157 1818 sed
188 1781 290 1817 istam
323 1781 466 1817 Graece
498 1780 640 1816 dicendi
672 1780 863 1823 rationem,
897 1780 1028 1817 nullius
1058 1780 1258 1817 auctorita-

93 1847 160 1891 tis,
198 1846 276 1896 ipse
308 1847 478 1884 Dukerus
509 1846 543 1882 in
576 1846 764 1882 annotatis
796 1847 839 1882 ad
871 1846 1036 1884 Servium
1067 1845 1256 1884 refutavit.

91 1907 209 1951 Aliu'n.
253 1912 321 1951 vim
360 1912 440 1949 huic
478 1912 558 1948 loco
591 1912 724 1949 illatam
757 1913 905 1950 reticeo.
963 1914 1189 1951 lucentem
1220 1920 1257 1950 et

82 1979 266 2028 ‚iacebac
296 1980 470 2024 vicinum,
508 1979 539 2015 si
570 1980 629 2029 qui
659 1984 760 2023 suut,
792 1993 884 2029 quos
915 1980 1097 2025 offendat,
1130 1995 1255 2018 eorum

92 2047 234 2085 animos
273 2048 443 2093 referre
473 2051 555 2097 post
586 2048 784 2093 reserum
810 2061 844 2085 v.
876 2052 939 2087 84.
971 2052 1050 2091 85„
1090 2062 1160 2084 nou
1192 2047 1257 2085 iui-

93 2126 162 2151 nus
204 2113 242 2151 in
282 2113 418 2152 vicinia
466 2114 644 2163 positum,
690 2118 726 2152 ot
753 2116 897 2162 jussit
933 2115 968 2152 in
1008 2116 1135 2152 eodem
1174 2116 1255 2152 loco

93 2181 201 2232 paulo
247 2185 331 2232 post·
375 2181 544 2219 iteratum
592 2181 760 2232 placabit.
823 2181 1069 2219 Cemtlzarns
1107 2181 1255 2232 proprie

94 2248 378 2286 scarabaeus:
418 2262 482 2288 vas
512 2249 693 2299 potorium
724 2254 803 2287 crat
833 2250 971 2287 tumido
1004 2254 1151 2293 ventre,
1181 2262 1255 2286 aui-

1067 2311 1087 2344 ‘2
