1515 2620
191 167 280 210 202
414 158 619 198 ECLOGA
649 156 700 203 Χ,
734 161 914 196 16-69.
978 161 1154 198 16-18.

190 279 330 318 vetare,
361 273 460 309 inter
490 272 614 308 lauri
645 273 683 306 et
713 271 847 307 etiam
877 267 986 305 modo
1017 269 1147 306 illum
1167 269 1381 321 interpone-

188 341 310 385 batur,
342 344 380 377 et
409 336 561 375 inficeta
579 335 752 388 gravitas
774 334 932 386 triplicis
949 335 1058 372 istius
1090 337 1219 373 illum
1247 340 1382 374 cuam

189 409 345 457 elegans
390 417 475 442 esse
522 403 829 454 praedicabatur,
880 402 990 439 modo
1038 403 1196 440 laurus
1234 405 1380 449 etiam,

188 474 296 511 modo
334 473 458 510 laun·
496 484 574 508 nec
616 484 702 508 noa
733 469 1010 521 corrigebatur.
1070 469 1314 507 Maenalus
1343 477 1383 508 et

187 541 408 592 Lycaeus,
441 551 544 575 mons
575 544 732 587 uterque
761 537 965 583 Arcadiae,
998 549 1146 574 carmen
1179 535 1383 588 designant

188 606 439 658 pastoritium,
467 605 572 655 cujus
590 604 758 642 Arcades
776 609 885 642 erant
901 601 1066 641 artifices
1085 604 1164 650 Vll,
1184 603 1381 649 4.Pinue,

188 675 284 713 Pani
322 676 568 712 consecratae
611 672 696 718 ΙἸΙ,
735 676 808 718 24,
856 671 915 708 hie
952 671 1097 721 quidem
1136 673 1379 719 silvestres,

187 755 284 793 quae
314 741 419 778 solae
448 739 651 778 secuudum
683 739 987 790 Theophrastum
1019 739 1083 785 ΙΙΙ,
1122 743 1172 777 10
1202 739 1239 776 in
1265 739 1380 776 Arca-

187 810 248 847 dia
278 813 507 852 nascuntur,
539 812 576 844 et
605 806 790 856 gelidae
812 818 946 854 rupee
977 807 1248 858 cogitationem
1278 805 1381 844 exci-

187 882 270 915 tant
300 874 527 920 altitudini83
560 873 703 918 Gallus,
735 873 798 923 qui
828 887 863 912 v.
895 877 948 912 44
980 873 1016 910 in
1049 874 1170 925 patria
1200 873 1236 910 iu
1268 873 1381 910 armis

186 948 256 991 cst,
288 942 452 980 Maenali
482 941 632 978 deserto
663 940 700 977 iu
731 946 839 978 antro
859 940 930 996 ⁴hic
958 941 1162 991 requietem
1181 953 1379 991 quaerens,

186 1025 234 1048 ne
263 1010 384 1062 magis
415 1010 447 1046 is
478 1008 628 1060 proprie
659 1007 906 1059 intelligatur,
938 1021 1046 1058 quam
1064 1021 1173 1058 quum
1189 1008 1378 1045 Musarum

186 1079 223 1115 in
255 1077 440 1115 montibus
470 1081 656 1115 versatur.
718 1075 815 1111 Nihil
846 1075 917 1112 sibi
947 1075 1133 1126 allegoria
1148 1075 1239 1119 vult,
1272 1087 1379 1125 prae·

188 1153 357 1196 terquam
396 1144 452 1189 id,
504 1143 602 1193 quod
647 1141 782 1178 tertius
821 1155 951 1179 versus
990 1141 1199 1179 indicabat:
1248 1142 1380 1179 Gallus

185 1213 390 1251 bucolicum
421 1225 444 1249 a
462 1210 621 1262 Virgilio
652 1208 771 1246 amico
803 1222 950 1246 carmen
983 1209 1134 1260 petebat
1158 1208 1195 1246 in
1214 1221 1378 1246 amorem

185 1294 310 1328 suum,
349 1284 387 1318 et
418 1277 600 1331 Virgilius
630 1290 708 1314 rem
739 1276 844 1328 quasi
876 1276 912 1313 in
943 1276 1106 1313 Arcadia
1135 1281 1283 1329 gestam
1313 1290 1379 1327 po·

185 1348 310 1385 nebat.
368 1346 544 1394 Rvpes,
584 1358 759 1397 magnum
790 1357 922 1382 sanim
954 1344 1173 1395 abruptum,
1214 1344 1287 1382 buc
1317 1357 1378 1381 su·

185 1414 462 1466 perimminenS,
495 1427 530 1452 v.
563 1415 630 1452 58.

356 1484 538 1521 16-69.
568 1479 744 1516 Narratio
776 1483 833 1517 est
856 1491 1000 1525 eorum,
1032 1491 1127 1528 quae
1149 1490 1379 1516 communem

183 1550 323 1587 luctum
359 1548 397 1585 in
443 1546 630 1584 montibus
668 1546 853 1583 Arcadiae
898 1546 1182 1583 antecedebant.
1242 1545 1377 1591 Poma,

184 1616 341 1654 amicum
378 1627 505 1660 suum,
549 1612 724 1650 solatium
761 1612 969 1658 sitientem,
1010 1612 1228 1658 comitatus,
1267 1612 1374 1649 simul

184 1697 265 1722 cum
297 1696 342 1721 eo
372 1680 538 1720 Maenali
567 1680 605 1717 iu
642 1679 746 1730 rupis
776 1692 939 1717 caverna
968 1685 1110 1716 stratus
1133 1680 1252 1730 jacet.
1302 1679 1378 1717 Ad-

183 1755 335 1802 spectus
373 1754 411 1788 et
448 1762 524 1787 vox
565 1747 673 1799 aegri
712 1759 802 1785 oves
832 1746 949 1784 allicit
979 1746 1148 1796 proxime
1178 1752 1379 1797 pascentes

186 1824 259 1865 163
291 1831 378 1855 mox
409 1815 609 1867 opilionem
640 1827 791 1864 quoque
821 1819 859 1851 ct
877 1813 972 1851 alios
990 1819 1163 1864 pastores
1183 1817 1253 1860 193
1284 1813 1378 1850 deos

183 1887 287 1937 ipsos
317 1897 494 1937 agrorum
528 1888 594 1922 21.
632 1881 894 1919 Misericordia
925 1894 1052 1918 eorum
1084 1880 1216 1919 Gallus
1246 1880 1379 1918 dolore

183 1966 259 1990 non
288 1953 434 1991 levatus
465 1950 653 2000 queritur,
693 1954 731 1988 et
761 1949 928 1987 Arcades
969 1953 1103 2001 rogat,
1142 1947 1306 1986 carmine
1336 1952 1379 1984 ut

184 2021 266 2072 ejus
296 2019 484 2057 cruciatus
514 2017 705 2055 celebrent
737 2022 803 2055 31.

300 2090 480 2126 16—18.
542 2085 665 2130 Gallo,
697 2097 820 2134 quum,
853 2081 986 2120 sitiens
1017 2095 1156 2127 amore,
1187 2094 1269 2119 cum
1296 2080 1378 2117 Yir-

184 2155 277 2206 gilio
309 2153 444 2191 comite
475 2152 625 2190 deserta
655 2151 691 2188 in
724 2151 826 2201 rupis
849 2163 1011 2188 caverna
1025 2149 1188 2187 Maenali
1205 2147 1378 2199 quiescit,

185 2235 275 2258 oves
330 2220 484 2271 primum
533 2218 834 2270 appropinquant
880 2231 954 2254 non
995 2217 1124 2267 procul
1164 2221 1375 2267 pascentes,

186 2288 344 2325 lideutes
375 2292 414 2325 et
444 2285 720 2324 misericordes.
762 2286 831 2330 En,
865 2284 957 2334 pias,
989 2283 1109 2334 iuquit
1139 2287 1265 2334 poiita,
1296 2282 1381 2320 bes·
