1515 2620
468 177 672 216 ECLOGA
702 177 768 223 lX,
800 179 978 216 59—64.
1221 182 1305 221 187

130 287 271 326 liaedos
308 287 394 324 mibi
432 288 618 326 committe
649 287 865 338 portandos.
896 308 951 315 —
981 286 1159 337 Lycidam
1189 287 1307 336 poeti-

131 366 214 391 cum
255 358 388 391 cautus
426 355 534 392 decet
571 367 674 391 amor
708 354 866 400 ardens;
912 353 1177 391 Caesarianum
1206 365 1309 390 amor

129 419 169 456 in
215 419 437 467 Caesareum
480 420 656 471 juvenem
700 432 745 457 ea
787 420 1015 466 humanitas,
1063 433 1137 471 qua
1171 420 1308 457 nullam

129 485 290 523 Moeridi
319 486 524 524 senectutis
554 486 693 524 tribuat
721 486 1030 532 imbecillitatem,
1062 492 1099 524 et
1130 500 1238 532 eura,
1269 491 1311 523 ut

130 565 178 590 ne
207 553 294 603 quid
324 552 377 590 illi
407 557 543 590 noceat
572 557 638 589 aut
667 553 860 590 molestum
891 553 954 591 sit.
1013 553 1098 590 Duo
1129 552 1310 590 Hafnien-

129 631 191 657 ses
220 619 280 658 B.
312 619 357 657 C.
390 632 458 669 pro
487 621 735 657 caussando
766 620 936 657 mendum
965 620 1102 657 habent
1132 627 1310 657 cantan-

129 686 198 723 do.
258 685 315 722 Ab
353 686 460 723 Ande
497 686 542 723 ad
580 686 771 723 Mantuam
808 686 868 724 via
898 699 939 723 se
968 686 1079 722 librat
1109 686 1311 723 secundum

130 750 303 789 diffusum
333 756 372 790 et
399 753 618 803 paludosum
646 753 874 798 Mincium,
908 752 969 802 qui
994 752 1095 791 brevi
1120 756 1208 789 ante
1231 764 1311 788 cre-

130 817 295 869 pitantes
334 819 381 856 ad
419 819 535 869 ripam
573 820 693 856 undas
730 820 985 864 volutaverat,
1041 832 1140 856 nuuc
1175 823 1310 864 antem,

131 889 244 922 vento
281 885 403 930 nullo,
435 888 654 933 planities
691 886 814 923 factus
845 888 1077 935 depressa,
1117 886 1216 936 quod
1246 898 1312 922 no-

128 955 267 989 strates
297 951 444 997 dicunt,
475 952 618 1001 speculi
647 953 767 989 instar
796 953 1007 1003 levigatus,
1048 955 1161 991 silet.
1192 953 1311 989 Paulo

129 1021 217 1056 unte
246 1017 401 1055 arbores
432 1022 470 1055 et
495 1018 579 1056 ulva
602 1016 775 1055 fluminea
800 1019 1064 1064 susurrabaut3
1096 1032 1203 1064 nune,
1235 1020 1313 1055 ad-

128 1081 276 1133 spice!
306 1096 453 1122 aurae
483 1083 699 1133 spirantis
728 1088 964 1122 masrmvris
996 1098 1137 1123 omnes
1160 1085 1314 1122 sedatae

129 1154 231 1188 sunt.
290 1150 390 1201 Apta
428 1164 549 1188 rerum
589 1151 812 1189 naturalium
850 1151 1084 1188 adumbratio
1123 1152 1158 1188 in
1198 1164 1313 1202 argu-

128 1216 244 1254 menti
273 1217 501 1255 tractatione
531 1218 678 1270 illigata
708 1222 777 1263 est,
811 1218 932 1256 brevis
962 1222 1000 1255 et
1020 1218 1094 1255 cito
1119 1218 1311 1269 gradiens.

138 1283 238 1321 Tibi
276 1283 314 1320 in
352 1282 539 1330 favorem,
584 1289 625 1321 ut
662 1285 835 1322 lubenter
873 1289 911 1321 et
940 1284 1021 1321 sine
1051 1285 1223 1322 molestia
1252 1298 1313 1322 ca-

128 1362 210 1388 nas.
269 1350 494 1397 Stratum,
534 1351 558 1388 i.
597 1364 630 1388 e.
662 1352 897 1402 depressum,
936 1356 1079 1388 aestum
1109 1352 1215 1389 simul
1246 1350 1313 1388 ssu-

127 1416 273 1463 vialem,
305 1416 367 1467 qui
397 1416 500 1467 prius
530 1416 666 1464 suerat,
698 1418 893 1469 designat3
926 1418 1034 1468 quale
1064 1419 1161 1468 aqud
1184 1418 1313 1454 Theo-

127 1483 260 1521 critum
290 1484 375 1528 Vll,
408 1487 482 1522 57:

215 1559 413 1601 Halcyones
437 1562 591 1592 sternent
615 1559 762 1600 flnctus,
788 1562 943 1592 sternent
965 1562 1068 1593 maris
1094 1561 1215 1602 undas,

216 1614 331 1658 Atque
352 1614 480 1647 Notum
506 1625 582 1647 cum
600 1615 708 1655 Euro,
736 1619 942 1656 postremam
968 1616 1025 1658 qui
1051 1621 1164 1649 movet
1188 1618 1312 1657 algam.

130 1683 321 1727 Cadere,
361 1682 408 1718 de
436 1686 571 1727 vento,
610 1681 803 1731 quiescere
833 1682 905 1720 Lb.
936 1683 970 1729 l,
1005 1688 1096 1722 354.
1166 1684 1313 1724 Vento-

127 1761 222 1786 cum
250 1761 468 1794 murmur,
502 1748 718 1785 immodicus
747 1749 944 1798 strepitus,
978 1756 1110 1788 ventus
1129 1757 1312 1802 strepens,

127 1814 248 1865 Hujus
277 1827 440 1858 aurae,
472 1814 496 1851 ἰ.
514 1827 546 1851 e.
577 1815 681 1851 lenes
711 1815 856 1852 animae
886 1816 966 1854 sive
987 1817 1152 1867 spiritus,
1186 1831 1312 1855 omues

121 1880 273 1931 jamjam
304 1880 545 1916 resederunt:
577 1880 630 1917 ita
660 1895 803 1919 aurae
827 1880 1024 1933 Zephyri
1047 1884 1117 1921 Lb.
1137 1885 1180 1922 ll.
1213 1891 1314 1932 3303

127 1947 181 1985 ita
207 1948 430 1996 graminis
459 1944 594 1984 herba
626 1947 703 1986 Ecl.
736 1948 786 1994 V,
822 1954 885 1988 26.

242 2015 436 2054 59—64.
496 2014 650 2050 Media
679 2017 754 2050 via
777 2015 874 2064 apud
892 2016 1136 2054 Theocritum
1167 2031 1313 2068 quoque

129 2078 218 2130 Vll,
253 2084 305 2117 10
335 2076 565 2125 sepulchro
597 2080 837 2130 designatur:

218 2153 468 2196 Completaque
492 2153 545 2186 via
570 2154 719 2186 noudum
744 2156 874 2197 media,
902 2157 1109 2191 monimento

218 2208 293 2241 Nec
315 2207 469 2241 Brasilae
492 2209 570 2241 dum
600 2215 794 2252 conspecto.

133 2275 419 2326 sepeliebantur
450 2278 544 2313 enim
584 2276 749 2315 defuncti
786 2280 956 2318 lubenter
996 2295 1111 2332 prope
1140 2282 1223 2320 loca
1253 2295 1313 2320 ce-
