1472 2620
214 141 271 180 29
526 135 725 172 ECLOGA
758 135 818 172 vl.
878 141 1064 175 31—81.

216 260 338 285 carum
376 246 494 297 patrio
533 246 677 283 nomine
706 251 844 284 tantum
875 259 955 284 eum
985 246 1107 284 dicere
1134 255 1369 287 consuesset:

216 314 394 353 Faunos
423 319 464 349 ut
494 326 559 362 pro
591 313 752 350 Panibus
781 320 951 364 poneret,
996 315 1032 350 in
1069 314 1136 351 bac
1172 328 1243 352 una
1272 329 1293 353 a
1327 328 1370 354 se

220 381 352 431 ecloga
382 379 608 430 impetravit,
637 393 730 431 quae
761 381 870 418 altius
899 381 1025 431 spirat.
1083 381 1271 429 Ludere,
1304 383 1376 420 sal-

219 455 316 493 tare,
355 447 388 492 Ι,
431 453 492 485 10.
551 446 660 485 Hasn.
701 448 737 486 C
767 461 884 485 cum:
925 448 968 485 B
1005 461 1119 498 aeque
1149 461 1192 486 ac
1220 449 1374 501 Longo-

218 514 387 551 bardicus
417 522 596 561 mutare,
629 515 726 566 quod
756 529 801 553 ex
832 524 990 553 nutare
1019 515 1162 553 videtur
1192 522 1373 562 exortum,

218 581 337 632 quod,
367 580 475 620 facile
504 583 646 628 verius,
677 583 737 620 alii
769 583 915 635 legunt:
946 590 1103 620 muare
1132 585 1279 634 quoad
1302 596 1375 621 ca-

217 652 407 695 cumina,
440 650 685 687 cacuminibus
716 657 865 695 nutare,
897 649 943 686 cf.
977 649 1035 695 lv,
1067 654 1130 688 50.
1188 650 1268 688 Diis
1297 651 1377 688 ani-

218 729 296 753 mos
325 717 584 762 excitantibus,
613 715 779 755 Phoebo
796 717 998 766 Apollini
1022 723 1058 754 et
1078 717 1233 762 Baccho,
1263 718 1375 755 Par-

219 797 353 821 nasus
391 784 467 821 sive
505 784 711 821 Parnassus
740 791 906 821 sacratus
935 790 1036 830 erat,
1074 798 1175 821 mons
1205 784 1376 821 Phocidis

219 851 335 896 altus,
380 851 512 901 duplex
550 851 754 896 cacumine,
799 852 903 902 cujus
939 851 974 888 in
1012 851 1135 889 radice
1165 851 1376 902 Delphicum

220 918 405 955 oraculum
450 918 557 954 situm
607 918 705 955 orbis
745 918 1031 955 Anaximandrei
1069 919 1257 955 umbilicus
1294 931 1377 956 esse

220 985 421 1022 dicebatur.
479 985 630 1023 Scilicet
667 992 796 1022 cautus
833 985 1030 1035 Apollinis,
1068 985 1175 1022 sicuti
1218 984 1378 1035 Orphei

219 1052 374 1089 Thracii
405 1053 472 1089 Lb.
504 1053 572 1098 n',
603 1057 702 1097 454,
734 1066 842 1103 rupes
873 1060 909 1090 et
940 1052 1036 1089 feras
1067 1059 1285 1090 excantat-et
1314 1066 1378 1090 ne-

220 1132 324 1156 cesse
369 1126 460 1156 erat.
524 1118 733 1167 Rhodope
771 1127 912 1157 montes
953 1119 1114 1156 continui
1156 1133 1201 1156 ex
1239 1121 1377 1158 Haemo

219 1187 384 1224 Thracio
414 1192 538 1232 erant,
575 1187 610 1224 in
642 1187 772 1237 quibus
801 1188 966 1237 Orpbeus
996 1194 1147 1224 mortem
1178 1187 1379 1237 Eurydices

220 1255 500 1292 lamentabatur.
557 1254 716 1304 Propius
753 1267 851 1291 mare
887 1256 1075 1304 Aegaeum
1106 1268 1208 1291 mons
1237 1254 1378 1292 Isma-

219 1335 296 1359 rus
327 1328 407 1359 erat
436 1322 504 1359 Lb.
538 1322 589 1367 ΙΙ,
628 1326 700 1368 37,
739 1321 886 1359 Homeri
916 1320 1114 1358 Ciconibus
1143 1320 1178 1357 in
1210 1322 1298 1359 urbe
1330 1323 1380 1360 ls-

220 1402 322 1426 maro
353 1396 390 1426 et
419 1388 503 1427 vino
534 1389 711 1426 Maroneo
742 1388 905 1425 illustris.
963 1387 1180 1438 Propertius
1212 1389 1282 1434 ΙΙΙ,
1318 1395 1378 1435 12,

224 1460 288 1495 25.
323 1456 407 1504 HV,
444 1462 512 1500 11,
545 1457 650 1503 ’ἑὸ-Ι,
681 1455 978 1506 quemadmodum
1008 1461 1045 1492 et
1076 1455 1151 1505 ipse
1183 1455 1379 1494 Lucretius

222 1524 273 1570 V,
316 1529 388 1569 30,
430 1524 573 1561 Graeco
610 1536 709 1560 more
747 1529 784 1560 et
821 1522 951 1573 plurali
988 1536 1136 1559 numero
1179 1523 1381 1562 Ciconum

222 1604 339 1628 mons
371 1591 546 1627 Ismara
576 1590 681 1634 dicit,
720 1596 757 1626 et
788 1591 839 1635 ΙΙ,
883 1596 952 1633 13,
985 1595 1020 1628 5.
1055 1588 1144 1638 [lll‚
1176 1596 1220 1633 4,
1252 1592 1309 1642 5.]
1343 1592 1379 1628 in

221 1658 318 1697 valle
353 1658 520 1702 Ismaria,
551 1657 658 1694 sicuti
690 1656 724 1693 in
757 1656 873 1694 vicina
904 1657 1046 1702 Pieria,
1077 1669 1233 1706 quercus
1262 1663 1299 1695 et
1328 1657 1383 1696 fe-

224 1738 285 1762 ras
329 1731 472 1763 cantum
517 1724 615 1762 senis
661 1724 821 1762 Thracis
865 1731 1039 1774 sequutae
1084 1737 1165 1762 esse
1208 1723 1380 1763 affirmat.

225 1791 335 1829 Hafn.
382 1792 435 1829 A.
484 1805 626 1842 quoque
670 1804 778 1829 versu
824 1791 1013 1828 subdititio
1057 1791 1216 1828 additum
1254 1792 1380 1830 babet:

229 1859 443 1903 Quantum
489 1862 622 1896 omnis
657 1860 823 1909 gaude!
856 1859 1036 1896 mundus
1074 1866 1276 1897 cantante
1311 1861 1381 1898 Si-

226 1928 345 1965 leno:
386 1939 434 1963 ex
469 1926 589 1963 Servii
625 1926 660 1963 id
691 1925 993 1976 interpretatione
1023 1926 1186 1964 mendaci
1216 1933 1379 1973 enatum3

226 2007 309 2032 nam
354 2006 401 2031 ex
445 1993 625 2044 prioribus
661 2000 782 2030 mente
818 1993 1008 2044 adjicitur:
1053 2000 1222 2044 quantum
1253 1993 1379 2040 silvae,

225 2075 319 2112 quae
347 2061 481 2099 circum
511 2066 626 2099 erant.

339 2133 526 2167 31-81.
585 2128 738 2165 Carmen
772 2128 908 2173 Sileni,
951 2140 998 2165 ex
1035 2140 1106 2177 quo
1143 2127 1263 2177 aliqua
1299 2134 1379 2165 tnn-

226 2202 299 2234 tum
331 2200 440 2246 poeta
469 2195 621 2247 repetit,
662 2195 925 2246 Epicureorum
954 2186 1146 2245 sequutum
1176 2195 1379 2245 opiniones,

227 2264 401 2307 mundus,
442 2268 588 2308 narrat,
623 2263 683 2313 qui
721 2261 840 2301 sactus
867 2262 933 2308 sit,
965 2268 1001 2299 et
1030 2275 1121 2312 quos
1150 2269 1303 2301 eventus
1331 2262 1377 2300 nd
