1515 2620
432 159 638 197 ECLOGA
663 158 761 205 Vlll,
793 163 1028 198 101-103.
1234 167 1316 207 151

134 268 264 305 bestiis
298 268 500 306 incantatis
530 270 627 307 Plin.
656 270 759 316 vm,
806 277 876 317 34,
917 272 962 308 de
984 269 1119 307 defixis
1146 270 1319 309 Manibus

135 335 185 373 et'
211 335 362 382 animis,
411 337 456 374 de
479 337 645 375 evocatis
668 338 862 388 segetibus
888 338 1043 388 aliisque
1067 337 1185 376 turbis
1208 338 1318 385 datis,

135 403 227 440 orbe
252 402 287 440 in
315 404 465 453 Europa
487 402 532 440 ab
557 403 773 440 auctoribus
798 416 975 441 novarum
1003 405 1224 457 religionum
1242 406 1320 442 Ro-

136 470 255 507 manis
278 470 534 514 circumlatae,
565 482 646 506 cum
675 471 817 521 reliqua
840 472 993 508 cohorte
1019 472 1209 522 l'apistica
1230 486 1318 523 pau-

135 537 236 574 latim
263 548 488 575 evanescere
516 537 701 575 videntur.
763 539 940 588 lmprimis
964 538 1226 577 fabulabantur
1250 541 1320 577 Ar-

136 605 266 649 cadeS,
305 603 341 641 in
369 604 596 654 pervetustis
620 605 786 642 humanis
812 606 943 642 hostiis
965 606 1072 643 ‚lovis
1100 607 1238 655 Lycaei
1263 619 1320 644 re-

135 685 220 723 gem
248 684 319 708 non
347 676 488 708 tantum
515 671 763 722 Lycaonem
786 674 937 718 lupam
961 672 1098 709 factum
1126 685 1221 717 esse,
1254 674 1320 710 sed

136 738 231 776 alios
265 752 410 789 quoque
448 746 532 790 post
564 752 646 776 eum
678 739 772 776 bene
805 740 961 784 multos3
1008 739 1089 788 qui,
1132 739 1163 776 si
1194 740 1320 776 decem

135 819 256 843 annos
279 819 393 843 carne
418 807 574 843 bumana
602 806 857 851 abstinebant,
889 807 1009 842 denuo
1047 804 1184 843 fiebant
1207 806 1322 843 bomi-

137 886 215 910 nes.
277 873 515 910 Maledictum
542 886 689 923 quoque
718 874 922 910 Romanum
949 875 1215 921 versipelli-3,
1247 874 1323 923 pel·

136 940 205 978 lem
251 944 416 984 mutans,
473 939 652 976 bominem
698 940 922 991 designabat
959 954 1006 977 ex
1038 941 1124 991 lupo
1156 939 1321 979 factum:

68 1037 79 1043 -
135 1007 440 1058 quemadmodum
465 1006 559 1057 apud
584 1006 801 1043 Petronium
821 1006 925 1043 Lxu
951 1007 1098 1057 aliquis,
1131 1013 1322 1058 postquam

136 1087 217 1113 cum
245 1074 363 1112 stellis
391 1074 567 1124 loquutus
594 1079 670 1118 cst,
702 1079 827 1111 vestes
857 1074 973 1119 exuit,
1006 1074 1042 1110 in
1074 1080 1208 1111 exutas
1233 1075 1324 1111 min-

138 1142 208 1193 git,
239 1146 280 1178 ut
311 1141 404 1191 lapis
433 1140 546 1185 liant,
579 1146 616 1177 et
643 1146 797 1191 repente
828 1142 934 1190 lupus
962 1140 1084 1178 factus
1113 1147 1149 1179 et
1176 1142 1324 1180 ululans

137 1209 175 1246 in
202 1208 316 1246 silvas
343 1207 436 1253 ruit,
478 1207 656 1258 indeque,
696 1221 834 1258 pecora
858 1213 1051 1257 rapturus,
1085 1209 1120 1245 iu
1146 1209 1252 1246 aulas
1275 1210 1324 1246 ir-

138 1276 287 1326 rumpit.
347 1275 502 1312 Animae
540 1280 767 1311 mortuorum
799 1275 834 1311 iu
870 1275 1019 1312 sedibus
1051 1282 1160 1313 erant
1194 1276 1324 1313 inferis

137 1342 247 1388 0¹·ci3
287 1346 495 1393 vagaturae
520 1348 641 1379 aulem
670 1349 733 1378 aut
758 1355 868 1392 mago
894 1338 1146 1392 vexgmgtdr‘sf!
1169 1357 1323 1393 respon-

137 1422 269 1454 surae,
309 1422 356 1447 ex
388 1412 488 1446 ‹imi-s·
518 1407 764 1456 sepulchri-s·
795 1410 839 1445 ad
872 1422 1029 1458 superos
1059 1409 1323 1447 ascendebant.

137 1477 288 1528 Magam
319 1489 421 1513 suam
454 1476 581 1512 laudat
610 1476 786 1512 Tibullus
817 1476 850 1520 l,
885 1480 927 1519 2,
960 1478 1035 1513 45:

226 1564 322 1597 Haec
353 1567 452 1596 cantu
478 1562 643 1605 finditque
667 1564 799 1604 solum,
832 1563 1023 1606 Manesque
1046 1563 1234 1607 sepulchris

343 1618 458 1659 Elicit,
485 1623 518 1651 et
542 1617 658 1661 tepido
683 1619 827 1650 devocat
851 1628 929 1650 ossa
953 1629 1052 1658 rogo.

226 1676 301 1709 ,lain
325 1678 419 1708 tenet
442 1673 591 1706 infernas
618 1673 751 1715 magico
776 1673 922 1706 stridore
947 1678 1118 1706 catervas:

339 1731 412 1763 ,lain
433 1730 531 1771 jubet
555 1730 735 1773 adspersas
761 1731 847 1762 lacte
872 1729 999 1762 referre
1024 1730 1157 1772 pedem.

137 1812 317 1862 Frvges
347 1818 595 1848 excantare
631 1810 730 1846 serio
762 1810 795 1845 in
825 1810 972 1860 legibus
998 1809 1188 1847 duodecim
1218 1810 1324 1847 tabu-

138 1879 255 1916 larum
286 1877 596 1920 interdicebatur,
634 1889 820 1926 saepeque
853 1877 886 1913 in
909 1876 1060 1928 judiciis
1089 1876 1233 1915 crimini
1259 1877 1324 1915 du·

140 1946 248 1983 batur
287 1944 356 1980 Lb.
398 1944 431 1987 l,
481 1947 571 1980 162.
631 1944 669 1979 ln
711 1942 905 1980 llal'niensi
951 1940 991 1983 C
1026 1949 1083 1980 est
1120 1958 1322 1982 messem:

140 2012 383 2050 mendu1n=103
428 2023 474 2046 an
517 2009 618 2060 prior
648 2010 782 2060 aliquis
812 2011 1014 2060 scripserat
1044 2025 1152 2061 eque
1182 2015 1324 2050 satis?

256 2082 489 2117 101—103.
550 2077 750 2114 Extremus
780 2083 937 2114 conatus
969 2077 1004 2113 in
1035 2078 1127 2114 dura
1152 2090 1324 2128 praecor-

140 2146 202 2184 dia
238 2145 445 2196 Daphnidis
484 2142 625 2189 factus,
676 2145 738 2194 qui
776 2145 938 2181 nondum
976 2145 1104 2182 venire
1141 2146 1230 2183 vult.
1268 2166 1322 2174 —-

141 2214 181 2251 ln
213 2225 280 2251 ara
310 2211 462 2263 primum
493 2224 601 2249 sacra
632 2212 797 2264 virgulta
827 2225 907 2249 cum
940 2212 1066 2256 thure,
1100 2217 1186 2262 post
1215 2225 1326 2251 cerea

143 2279 295 2332 effigies
333 2291 414 2317 cum
447 2279 544 2316 mola
574 2279 692 2324 salsa,
736 2278 966 2330 germinibus
998 2279 1134 2316 laureis
1165 2286 1202 2318 et
1231 2280 1327 2318 hitu-
