1472 2620
204 150 258 190 ¹8
514 141 714 180 ECLoGA
747 140 804 178 vi.
865 145 1055 180 ιιι-22.

204 255 320 307 plum,
363 258 548 297 ansatum,
589 264 636 289 ex
667 252 821 304 argilla,
862 264 954 288 saxo
985 252 1041 288 vel
1072 253 1237 298 metallo,
1269 254 1364 303 quod

205 334 427 360 communem
472 319 616 369 quidem
661 319 706 356 ad
749 332 853 355 usum
891 317 1149 364 adhibebatur,
1194 320 1366 370 imprimis

205 402 292 427 vero
334 387 477 424 Baccho
516 387 667 437 ejusque
696 386 888 423 comitibus
918 399 1060 423 sacrum
1092 391 1183 423 erat.
1241 387 1365 428 Quare

205 455 362 505 superba
406 453 624 505 arrogantia
669 454 857 505 arguitur,
909 466 979 504 qua
1026 454 1066 489 C.
1105 453 1244 490 Marius
1283 461 1365 504 post

205 522 371 559 Cimbros
401 521 669 571 Teutonesque
700 521 838 567 victos,
871 534 943 557 non
975 520 1083 557 aliter
1112 527 1222 570 atque
1253 521 1366 558 Liber

204 593 310 639 patet·
347 594 431 638 post
468 588 626 625 lndicum
658 587 893 638 triumphum,
931 600 977 624 ex
1010 588 1185 638 ejusmodi
1216 588 1365 625 cantha-

205 655 256 692 ris
291 668 458 704 oemper
495 655 639 691 bibebat
678 654 725 700 V,
776 660 847 692 29:
887 660 1013 691 arator
1052 655 1226 706 Arpinas!
1274 655 1365 692 indi-

203 727 339 775 gnatus
371 721 510 758 Plinius
542 721 735 766 (xxxin,
768 726 830 759 53.
863 721 983 758 valer.
1014 722 1115 759 Max.
1146 723 1209 766 lll,
1241 728 1276 767 6,
1309 728 1364 772 6.)

205 789 362 834 addidit,
400 788 636 838 manipularis
670 786 733 839 (ex
766 788 888 824 humili
919 788 1000 825 loco
1031 789 1075 825 ad
1106 802 1276 826 summam
1313 789 1365 825 di-

205 857 382 908 gnitatem
420 854 634 905 perductus)
668 855 882 905 imperator!
944 855 1000 892 De
1030 856 1230 908 allegoria,
1261 869 1366 906 quam

206 923 357 961 Servius
387 923 455 959 hoc
485 922 564 959 loco
596 923 751 966 divinat²
791 936 824 959 v.
857 928 920 959 31.

318 994 507 1028 18—22.
565 989 595 1025 A
641 1002 730 1025 sene
767 989 967 1026 venerabili
1005 995 1042 1026 et
1078 990 1169 1026 artis
1207 989 1367 1026 musicae

205 1056 363 1103 amanti,
402 1057 463 1106 qui
500 1057 574 1093 alte
612 1056 823 1094 volitantem
863 1057 1042 1092 Bacchum
1081 1057 1301 1093 educaverat
1331 1063 1368 1094 et

206 1124 345 1161 artibus
385 1122 614 1167 instituerat,
655 1129 692 1160 et
729 1136 801 1159 una
840 1136 918 1160 cuin
959 1123 1109 1174 Marsya
1146 1130 1182 1160 et
1213 1124 1367 1174 Olympo

205 1189 314 1227 tibias
345 1189 536 1228 invenerat
564 1190 710 1227 Strab.
744 1190 789 1226 Χ.
822 1204 856 1240 p.
889 1196 981 1236 470,
1013 1196 1157 1227 cantum
1187 1191 1232 1227 ad
1263 1204 1369 1228 occa-

206 1257 346 1295 sionem
386 1256 576 1294 familiaris
612 1256 889 1294 consuetudinis
928 1258 1074 1306 saepius
1106 1258 1181 1307 jam
1213 1258 1368 1295 studiosi

207 1323 387 1372 Satyrisci
424 1324 637 1374 promissum
679 1323 872 1360 habebant.
932 1324 1056 1364 Quare
1092 1324 1246 1374 juvenili
1277 1325 1369 1362 timi—

208 1390 323 1427 ditate
362 1403 456 1427 nunc
495 1390 805 1440 appropinquant,
844 1395 883 1426 ut
922 1390 1075 1427 vinculis
1106 1391 1249 1441 injectis
1279 1392 1369 1429 dila-

208 1461 326 1495 torem
363 1463 523 1509 cogant3
561 1463 598 1494 et
635 1457 773 1494 lasciva
809 1457 964 1507 nympha
994 1457 1149 1494 animum
1181 1458 1224 1494 iis
1255 1459 1367 1496 addit.

209 1525 324 1562 Vetus
354 1525 474 1575 populi
504 1524 627 1574 opinio
659 1529 756 1568 erat,
796 1524 981 1561 obstrictis
1013 1525 1175 1561 manibus
1205 1525 1260 1563 vel
1293 1526 1368 1563 vin·

211 1591 302 1629 culis
332 1592 420 1628 deos
450 1591 495 1628 ad
525 1591 794 1628 vaticinandum
825 1597 860 1627 et
890 1591 1091 1628 canendum
1123 1592 1209 1643 cogi
1240 1606 1368 1642 posse:

212 1658 308 1709 quod
338 1671 361 1695 a
390 1657 557 1695 Menelao
589 1663 625 1694 et
653 1658 824 1695 Aristaeo
856 1657 890 1694 in
921 1658 1058 1695 Proteo
1090 1658 1159 1695 Lb.
1186 1659 1244 1703 lv,
1278 1664 1368 1705 396,

213 1725 258 1763 ab
288 1725 444 1762 Hercule
474 1725 509 1761 in
539 1725 679 1769 Nereo,
711 1738 732 1762 a
762 1725 873 1761 Peleo
905 1725 939 1761 in
971 1725 1145 1769 Thetide,
1175 1739 1196 1762 a
1224 1726 1369 1764 Baccho

214 1791 251 1829 in
282 1792 422 1829 Glauco
454 1792 585 1829 Athen.
618 1792 699 1830 vlt.
737 1798 802 1829 12:
842 1792 875 1828 in
909 1792 1034 1828 Fauno
1064 1798 1100 1828 et
1131 1792 1240 1837 l’ico,
1273 1794 1370 1830 ltali-

216 1871 339 1897 carum
376 1858 544 1895 silvarum
575 1860 739 1904 numine,
779 1873 800 1896 a
831 1860 946 1896 Numa
976 1858 1110 1896 factum
1141 1866 1232 1897 erat.
1292 1861 1371 1912 lpse

217 1926 364 1963 Silenus
401 1925 518 1974 prius,
566 1939 673 1975 quum
710 1940 755 1963 ex
787 1926 950 1963 Thracia
980 1926 1159 1963 Bacchum
1190 1927 1224 1963 in
1256 1914 1370 1976 Phry-

218 1993 318 2046 giam
345 1991 600 2037 comitaretur,
631 2007 652 2030 a
682 2006 772 2044 rege
802 1994 900 2030 Mida
933 1994 966 2029 in
998 1994 1076 2044 ejus
1106 1994 1239 2030 rosetis
1269 1993 1369 2031 fonte

219 2059 306 2100 vino
343 2063 546 2109 temperato
584 2060 705 2096 ebrius
737 2059 873 2105 sactus,
906 2067 941 2097 et
971 2060 1121 2099 vinculis
1152 2060 1296 2110 injectis
1325 2062 1370 2098 ad

220 2128 365 2165 doctum
394 2139 596 2164 sermonem
626 2135 776 2164 coactus
807 2127 938 2171 fuerat,
968 2127 1070 2178 cujus
1099 2127 1240 2177 aliquos
1270 2128 1371 2166 locos

223 2194 396 2232 Aelianus
444 2194 512 2238 ΙΙΙ,
554 2200 612 2232 18.
654 2207 672 2231 e
711 2195 968 2245 Theopompo,
1016 2200 1053 2231 et
1088 2208 1134 2231 ex
1173 2195 1370 2233 Aristotele

223 2261 441 2300 Plutarchus
477 2274 589 2298 coru.
619 2263 680 2298 ad
706 2261 907 2310 Apollon.
937 2268 1188 2300 servaverunt.
1246 2262 1369 2299 Simile
