1515 2620
205 145 294 186 252
546 136 750 174 ECLOGA
780 135 829 181 X,
862 140 1040 175 75—77.

206 255 356 290 catut-as
386 261 491 295 esse;
520 249 612 295 sed,
644 254 794 299 praeter
818 248 1042 301 juglandeS,
1073 249 1262 299 pinorum,
1295 250 1392 301 pice-

208 331 310 357 arum
353 321 391 355 et
434 316 568 354 abietis
614 329 687 353 non
735 315 845 353 dubie
882 328 1064 353 venenum
1101 328 1186 353 esse
1224 313 1391 367 (plantis,

207 386 333 431 credo,
364 382 550 436 noxium).
582 383 790 421 Praeterea
817 383 918 429 ΧΠ,
952 388 1004 422 20
1035 383 1073 420 in
1102 383 1265 421 Arcadia
1285 381 1393 434 (Diu-

208 452 356 491 scoride
386 457 560 497 auctore,
592 451 628 488 in
661 451 786 489 Gallia
815 464 963 502 quoque
994 449 1250 502 Narbonensi)
1281 451 1396 490 exha-

208 520 384 559 lationem
427 519 538 557 maris
584 519 684 565 taxi,
731 532 839 569 quam
878 518 1054 567 σμίλακα
1090 519 1186 571 apud
1227 521 1395 557 Graecos

209 587 402 640 appellari,
432 593 506 625 tam
537 587 747 638 praesentis
776 587 911 626 veneni
941 600 1045 632 esse,
1077 592 1138 633 ut,
1169 587 1231 638 qui
1261 587 1396 625 obdor-

209 656 325 694 miant
363 655 430 693 sub
477 669 522 693 ea
565 655 732 693 cibumve
777 654 951 706 capiant,
996 654 1214 693 moriantur.
1274 655 1397 708 Igitur

211 725 257 762 de
281 723 448 776 juniperi
486 736 631 774 quoque
671 723 728 761 vel
767 736 857 761 vera
894 722 952 761 vel
990 723 1144 774 opinata
1180 723 1316 770 noxia,
1358 722 1395 760 in

211 806 297 830 rore
326 791 545 843 praesertim
575 791 691 828 horae
721 788 972 841 vespertinae,
1003 790 1165 841 pastoris
1181 790 1396 829 testimonio

212 859 323 898 facile
360 859 409 896 sit
448 858 541 896 fides
580 859 762 896 habenda.
820 858 877 896 De
902 859 1119 907 junipero
1150 873 1187 898 v.
1218 859 1297 904 ΠΙ,
1329 862 1395 898 53.

212 928 453 975 Hesperus,
483 926 730 978 sempiternus
761 926 881 977 poiitis
912 926 1033 964 noctis
1059 940 1282 978 praecursor
1298 926 1395 972 ΠΙΙ,

215 1001 280 1042 17,
310 999 429 1034 venit
457 995 536 1033 sive
566 1008 614 1033 ex
645 994 793 1032 luminis
824 994 938 1032 radiis
957 995 1181 1045 conspicuus
1201 995 1280 1032 exit
1297 994 1392 1040 ΠΙΙ,

215 1070 280 1110 30,
310 1063 407 1114 quod
438 1067 477 1100 et
504 1062 623 1114 ipsum
653 1075 926 1113 nonnumquam
955 1068 1060 1100 ortus
1090 1063 1309 1114 appellatur.
