1472 2620
452 162 654 201 ECLOGA
684 162 731 199 vl
741 191 751 208 ,
792 168 815 202 6
826 183 877 190 -
888 168 925 202 8.
1247 171 1276 209 9

107 287 214 326 quem
242 287 379 312 morem
394 274 562 312 Muretus
591 274 628 311 in
655 274 808 311 nummis
838 275 982 321 aeneis,
1013 275 1144 325 quibus
1172 290 1275 326 μνη-

105 325 263 381 μονεύε,
293 339 515 377 memento,
547 331 761 381 inscriptum
787 337 886 377 erat,
919 331 1187 370 animadvertit.
1234 333 1273 370 ln

107 397 289 445 auricula,
321 398 463 436 Plinius
492 397 676 449 inquit0),
709 399 904 436 memoriae
930 400 1033 436 locus
1063 404 1138 445 est,
1169 412 1275 450 quem

107 470 308 518 tangentes
337 471 576 504 antestamur.
644 466 752 507 Quod
783 466 936 503 Servius
968 467 1138 512 tradidit,
1175 468 1274 504 auris

106 533 303 570 memoriae
332 539 549 571 consecrata
578 538 652 577 est,
689 532 792 569 frons
823 533 962 578 Genio,
1001 534 1109 585 digiti
1138 535 1274 572 Miner-

106 612 175 638 vae
204 597 346 651 (rarum
375 601 411 638 id
441 601 536 638 inter
566 598 789 650 nostrates),
828 613 953 651 genua
982 600 1274 640 Misericordiae.

105 667 300 704 Pastorem
330 682 450 721 agens
485 673 612 719 poe'ta,
651 667 704 704 uti
735 667 826 704 alias
857 667 1079 713 Menalcam,
1117 668 1170 705 ita
1206 670 1274 706 hoc

106 733 191 772 loco
229 735 428 786 Tityrum
466 749 505 773 se
544 735 650 780 dicit,
689 748 761 771 non
801 734 896 771 illico
927 741 1047 772 tamen
1077 742 1275 786 propterea

108 801 285 853 cujusque
313 803 440 853 Tityri
470 803 505 839 in
537 802 678 854 eclogis
709 802 806 840 obvii
836 815 1028 852 personam
1058 803 1275 854 suscipiens.

105 869 352 907 Deduc-tum
380 883 563 915 carmen,
594 882 739 907 carmen
772 869 951 906 orationis
982 871 1091 907 ductu
1114 870 1274 922 leniore3

104 937 254 988 proprie
298 950 443 974 carmen
488 936 538 974 fili
585 936 763 973 tenuioris
802 934 1005 988 [pingues
1043 943 1184 984 autem,
1236 938 1273 975 in

105 1003 209 1041 exitu
238 1017 368 1043 versus
398 1005 562 1055 pondere
591 1010 755 1049 auctum,
786 1004 955 1041 tenuitati
987 1005 1158 1043 carminis
1188 1019 1274 1043 con-

105 1071 203 1109 sulto
240 1069 474 1124 opponitur];
513 1071 748 1108 similitudine
786 1085 808 1108 a
847 1073 965 1108 nendo
998 1073 1133 1123 petita,
1175 1074 1275 1124 quod

106 1138 301 1178 artificium
337 1139 446 1177 etiam
483 1144 558 1176 tum
597 1138 845 1176 nobilissimae
883 1152 1048 1189 quaeque
1085 1146 1276 1179 matronae

105 1207 342 1245 exercebant.
402 1207 651 1248 Quintilianus
684 1207 783 1251 vm,
825 1211 858 1244 2.
891 1221 923 1256 p.
957 1213 1021 1245 67.
1053 1208 1275 1254 observavit,

104 1274 300 1326 Virgilium
330 1274 382 1311 ita
411 1274 534 1310 dicere
565 1287 691 1310 ausum
713 1286 806 1310 esse.
878 1274 1018 1313 Vocem
1048 1274 1272 1322 detlwcere,

104 1346 300 1380 attenuare
345 1354 491 1385 vocem,
543 1343 724 1378 reddere
762 1349 929 1378 tenuem
967 1350 1010 1378 ec
1045 1345 1273 1388 tinnulam,

107 1409 300 1447 Macrobio
338 1414 492 1445 auctore
530 1410 623 1447 Sat.
658 1409 723 1447 w.
764 1413 820 1453 4.,
860 1408 1085 1458 Pomponius
1116 1422 1273 1459 quoque,

104 1475 354 1514 Bononiensis
374 1475 623 1512 Atellanarum
649 1480 771 1525 po'eta,
803 1475 967 1519 dixerat,
998 1482 1034 1512 et
1075 1476 1175 1515 Voce
1205 1478 1274 1514 (le-

105 1545 250 1590 ducta,
287 1555 379 1582 voce
409 1542 619 1589 summissa,
658 1548 695 1580 et
732 1543 800 1593 ipsi
838 1542 1013 1580 Afranius
1051 1549 1087 1580 et
1118 1543 1275 1580 Cornifi-

105 1611 203 1650 cius:
236 1611 333 1661 quod
364 1610 582 1661 Propertius
612 1610 663 1655 n,
704 1617 753 1649 33
788 1608 898 1660 (24),
932 1616 994 1648 38.
1026 1611 1206 1660 suscepit,
1238 1616 1275 1648 et

104 1678 348 1717 Nemesianus
379 1679 432 1723 ll,
465 1684 527 1716 11.
560 1691 639 1715 cum
669 1678 750 1715 aliis
782 1678 816 1714 in
849 1681 968 1714 tenui
988 1678 1071 1722 filo
1103 1692 1272 1724 sonare,

106 1747 184 1785 sive
214 1746 338 1784 subtili
376 1758 466 1784 voce
503 1746 621 1795 loqui,
665 1744 1031 1782 transformaverunt.
1099 1745 1177 1781 Non
1210 1745 1273 1781 iin-

106 1814 267 1866 probans
304 1813 478 1850 Horatius
517 1813 559 1850 ll.
600 1814 665 1862 Ep.
706 1818 743 1856 1,
793 1816 882 1850 225.
929 1815 1050 1849 temti
1087 1813 1273 1849 deducta

104 1886 307 1931 poemata
333 1880 416 1925 filo
455 1880 616 1916 carmina
654 1879 740 1915 dicit
770 1879 892 1915 subtili
922 1879 1077 1916 stamine
1108 1880 1271 1925 detexta,

62 1969 75 1981 v
108 1949 304 2000 eleganter
341 1946 473 1998 polita:
520 1959 613 1996 quae
651 1946 772 1997 imago
810 1946 905 1982 inter
941 1952 1091 1983 nostros
1129 1960 1272 1997 quoque

105 2015 271 2054 homines
300 2015 386 2051 trita
416 2019 485 2052 est.

220 2087 354 2122 6-8.
429 2082 554 2140 Quare
594 2080 741 2117 fortiter
777 2095 798 2118 a
838 2087 873 2118 te
912 2080 1110 2127 factorum,
1162 2082 1270 2127 Vare,

108 2150 235 2189 laudes
271 2149 353 2188 aliis
390 2162 468 2201 ego·
494 2149 692 2199 relinquam
722 2149 979 2196 celebrandas:
1018 2150 1095 2200 ipse
1126 2162 1269 2187 carmen

201 2294 233 2336 ·)
263 2294 327 2335 xi,
352 2292 416 2327 103
441 2293 531 2336 (45).
