1472 2620
458 136 661 174 ECLOGA
691 135 751 180 VI,
786 130 894 173 47—
913 138 977 173 60.
1244 142 1304 179 55

137 254 244 289 tiam
264 254 432 287 excusat.
489 247 674 285 Puella-3
704 251 741 284 et
770 249 967 296 virgines
998 244 1132 283 Graeci
1162 250 1199 282 et
1228 245 1303 281 Ro-

136 316 235 354 mani
272 330 409 354 uxores
446 328 591 366 quoque
629 314 887 351 adolescentes
918 318 955 351 et
984 318 1138 358 matres,
1183 312 1302 363 qualis

136 384 340 434 Pasiphae,
373 384 503 422 blande
532 382 821 433 appellaverunt.
854 381 935 431 lpse
966 385 1078 431 potita
1108 385 1144 417 et
1175 385 1302 417 orator

138 451 179 488 C.
217 452 383 488 Licinius
414 451 568 495 CalvuS,
601 449 735 486 Catulli
766 449 916 493 amicus,
949 449 994 485 de
1025 448 1064 484 lo
1095 447 1224 486 vitiata
1253 447 1306 484 ita

138 518 304 556 dixerat:

224 583 296 623 Ah,
328 583 423 625 virgo
447 582 586 623 infelix,
612 581 724 614 herbis
750 579 897 624 pasceris
923 579 1058 613 amaris.

136 652 306 697 Proeto,
337 654 419 704 regi
450 651 658 702 TirynthiS,
690 650 791 687 urbis
822 649 1035 701 Argolicae,
1068 649 1171 698 cujus
1200 649 1305 686 Acri-

136 719 226 766 sius,
257 720 386 757 Persei
417 733 518 766 avus,
549 718 665 756 frater
695 723 731 755 et
756 730 949 754 successor
974 720 1066 760 erat,
1099 721 1174 751 tres
1198 723 1305 752 erant

138 785 256 832 filiae,
301 787 483 838 Lysippe,
532 787 682 837 lphinoie'
722 791 759 822 et
797 784 1027 835 lphiauassa:
1073 795 1166 832 quae
1197 795 1304 832 quum

138 854 194 892 vel
230 855 366 891 Bacchi
403 868 510 892 sacra
546 854 603 892 vel
634 854 816 890 Junonem
846 851 1093 902 sprevissent,
1145 849 1306 901 porrigi-

135 934 217 958 nem
254 921 291 958 in
328 921 468 971 capite,
521 933 593 969 qua
630 920 691 970 pili
723 920 960 963 exciderent,
1006 923 1043 954 et
1072 916 1235 953 lichenes
1267 916 1303 953 in

135 992 215 1025 toto
247 1001 403 1038 corpore
432 987 628 1032 habebant,
660 991 697 1023 et
726 986 894 1023 furentes
924 998 990 1036 per
1019 985 1144 1035 Argos
1175 990 1212 1021 et
1236 985 1304 1021 Ar-

135 1055 275 1093 cadiam
307 1055 579 1101 discurrebant3
611 1055 729 1091 donec
760 1060 982 1104 postremum
1007 1052 1210 1102 Melampus
1234 1052 1304 1089 Lb.

136 1122 206 1168 lll,
238 1126 335 1168 550,
367 1124 471 1174 cujus
501 1123 547 1160 de
576 1122 687 1159 rebus
717 1126 846 1171 po'e'ma
876 1120 1027 1157 Hesiodi
1059 1125 1162 1164 erat,
1204 1118 1306 1156 suffi-

135 1189 268 1227 mentis
303 1196 341 1227 et
376 1189 656 1227 lustrationibus
695 1189 741 1225 iis
771 1187 1004 1232 medebatur,
1051 1192 1087 1223 et
1118 1187 1306 1237 lphianas-

136 1269 212 1293 sam
243 1256 278 1293 in
310 1257 576 1294 matrimonium
611 1256 778 1293 ducebat.
839 1255 947 1296 Quod
978 1267 1129 1291 vaccas
1154 1267 1194 1291 se
1223 1267 1306 1291 esse

136 1323 372 1374 putaverint,
433 1324 512 1374 ejus
560 1323 611 1360 rei
663 1322 891 1371 antiquiores
938 1327 1054 1358 testes
1102 1321 1305 1371 perierunt.

135 1390 285 1440 Agros
316 1390 488 1440 agnoscit
517 1390 727 1427 Macrobius
757 1390 851 1425 Sat.
884 1388 944 1432 lv,
977 1393 1012 1425 6.
1030 1393 1066 1423 et
1086 1387 1305 1424 scholiastes

137 1457 250 1495 Statii
280 1457 401 1494 Theb.
435 1457 475 1502 V,
508 1460 600 1495 590.
659 1456 822 1500 Aurae,
855 1457 951 1504 quod
982 1455 1182 1491 scribarum
1214 1454 1303 1493 vitio

136 1524 173 1562 in
204 1524 384 1574 aliquibus
413 1524 514 1561 libris
545 1529 621 1571 est,
663 1523 763 1560 lente
794 1522 948 1567 dicitur,
986 1522 1156 1571 quoniam
1188 1522 1304 1559 Proe-

137 1591 232 1628 tides
277 1597 363 1628 tunc
407 1605 480 1628 non
526 1604 590 1642 per
633 1603 780 1640 campos
820 1594 999 1640 apparent
1039 1590 1303 1626 discurrentes.

137 1658 275 1696 Levior
317 1664 416 1696 terra
445 1658 567 1697 vaccis
597 1658 830 1701 orabatur,
878 1669 972 1705 quae
996 1656 1128 1707 jugum
1158 1657 1192 1693 in
1225 1670 1302 1693 cer-

137 1726 276 1764 vicibus
317 1726 523 1777 impositum
561 1726 744 1762 habebant
784 1724 851 1761 Lb.
892 1724 962 1768 lll,
1011 1728 1101 1762 167.
1166 1723 1300 1761 Levis

139 1791 242 1829 frons
279 1794 382 1832 calva
411 1793 526 1831 videri
556 1792 691 1842 possit3
737 1791 801 1828 sed
831 1804 1014 1833 cornua,
1065 1803 1157 1840 quae
1187 1804 1301 1841 oppo-

139 1865 294 1899 nuntur,
336 1859 494 1896 frontem
532 1859 761 1902 desiderant,
800 1871 892 1907 quae
929 1858 1007 1894 sine
1038 1858 1209 1895 cornibus
1239 1858 1300 1903 sit,

139 1939 256 1976 eaque
286 1932 323 1963 et
353 1926 431 1976 ipsa
461 1926 578 1977 magis
609 1931 665 1962 est
694 1925 840 1962 decora.
899 1925 1106 1970 Demeas,
1145 1931 1185 1962 ut
1215 1926 1300 1962 olim

132 1993 235 2038 ¹illae,
266 2000 357 2030 cute
384 2006 497 2030 masec
528 1993 562 2029 in
594 1992 745 2029 saltibus
776 1992 937 2043 vagaris,
969 1997 1009 2028 ut
1027 1999 1167 2029 taurum
1189 2006 1300 2042 quae-

140 2073 202 2097 ras
232 2060 421 2106 umissum,
465 2060 545 2109 qui,
578 2065 613 2096 te
644 2073 714 2096 non
745 2072 900 2106 curans,
931 2059 1063 2096 alicubi
1094 2059 1234 2096 interea
1265 2060 1299 2096 in

141 2127 267 2164 umbra
304 2126 477 2177 quiescit,
521 2133 584 2163 aut
621 2127 843 2164 dilectiorem
880 2139 1025 2165 vaccam
1058 2127 1303 2176 persequitur.

150 2194 288 2231 Tauri
325 2207 404 2232 cum
440 2207 561 2246 grege
597 2208 664 2231 suo
703 2201 863 2246 tempore
906 2199 1044 2231 tantum
1075 2194 1301 2232 admissurae

147 2262 403 2311 pascebantur,
433 2262 478 2299 ad
508 2261 604 2311 quod
635 2263 766 2300 Graeci
797 2274 939 2300 menses
968 2261 1127 2311 Aprilem
1157 2267 1195 2299 et
1223 2262 1302 2299 Ma-

1111 2322 1132 2354 3
