1515 2620
169 174 258 214 13ss
497 164 702 202 ncnooA
732 164 798 210 ix,
830 167 1009 206 56-65.

167 292 248 317 men
279 279 314 315 in
346 280 538 327 poetarum
568 287 722 312 numero
753 274 982 312 nominatum
1013 275 1087 320 sit,
1125 288 1170 313 ea
1199 283 1237 315 et
1268 279 1349 329 ipsa

166 357 291 382 senem
340 354 396 379 me
439 354 698 380 aerumnosum
747 341 908 387 deserit,
954 346 992 378 et
1029 346 1103 378 tam
1142 354 1256 380 rauca
1291 343 1347 390 fit,

165 410 270 461 quasi
300 421 358 445 me
388 409 521 456 lupus
552 408 655 458 prior
684 407 830 446 viderit.
891 408 1034 445 Fabula
1065 408 1277 459 popularis,
1315 411 1347 447 si

163 477 245 528 quis
275 480 429 525 repente
459 475 584 524 lupum
615 475 854 525 adspexerit,
886 475 966 526 ipse
997 475 1099 525 prius
1130 475 1252 520 visus,
1283 489 1347 514 vo-

162 556 239 581 cem
271 542 305 579 ei
336 541 471 592 perire,
503 542 616 578 multo
647 546 729 579 erat
759 547 846 580 ante
877 542 1124 579 Theocritum
1148 542 1248 588 xlv,
1282 546 1346 588 22,

161 610 223 647 ubi
254 609 289 646 in
319 604 486 654 Λύκου,
513 607 664 660 juvenis
694 608 870 660 alicujus,
903 621 948 646 ea
979 609 1194 659 adspectum
1224 613 1347 646 trans-

159 676 302 715 fertur:

249 747 328 780 Non
353 744 532 789 loqueris?
564 745 693 779 viditne
718 747 817 788 lupus
841 744 903 778 te?
938 750 971 778 ut
997 744 1111 778 sabula
1134 745 1230 778 ludit.

160 810 241 848 Jam
288 809 460 846 Platonis
498 808 534 844 in
575 808 780 858 Republica
817 808 887 846 hoc
924 808 1124 859 proverbio
1163 809 1344 846 Socrates

160 878 205 914 de
234 875 362 913 feroce
393 875 677 924 Thrasymacho
708 874 845 912 utitur:
878 875 1022 916 Quodsi
1050 888 1122 912 nou
1146 875 1248 926 prior
1268 888 1343 927 ego

159 956 240 981 eum
270 942 466 989 vidissem3
497 955 609 987 voce,
641 942 773 986 credo,
806 955 925 978 essem
955 942 1137 992 privatus.
1197 943 1238 978 ln
1270 943 1343 979 lta-

157 1010 205 1047 lia
244 1022 411 1060 quoque,
450 1008 596 1046 Plinius
627 1008 747 1058 inquit
778 1009 884 1053 l'lll,
927 1013 999 1053 34,
1038 1008 1207 1058 luporum
1240 1008 1341 1046 visus

157 1076 295 1113 noxius
326 1088 410 1112 esse
441 1075 630 1120 creditur,
674 1087 877 1124 vocemque
907 1074 1064 1120 bomini,
1104 1087 1210 1123 quem
1241 1075 1341 1124 prio-

156 1156 217 1181 res
249 1142 564 1192 contemplentur,
594 1140 694 1177 illico
725 1141 901 1178 adimere.
961 1140 1057 1177 Hinc
1088 1140 1243 1178 Servius
1275 1138 1341 1191 (cs.

157 1210 296 1247 Donat.
334 1209 381 1246 ad
430 1208 529 1245 Ter.
567 1205 756 1256 Adelph.
797 1208 866 1252 lV,
916 1213 958 1253 1,
1001 1206 1072 1259 21)
1104 1207 1341 1258 proverbium

155 1277 443 1326 interpretatur:
477 1276 609 1322 lupus
637 1277 683 1311 in
695 1274 890 1321 fabulam
923 1274 1096 1324 quoniam
1120 1274 1340 1324 repentinus

155 1344 337 1382 adventus
379 1342 479 1393 ejus,
527 1342 574 1379 de
604 1354 677 1391 quo
707 1341 910 1391 loquimur,
957 1347 998 1378 ut
1029 1341 1340 1387 obmutescamus,

154 1409 257 1447 facit.
317 1408 471 1446 Scilicet
500 1421 522 1446 a
552 1408 720 1446 Moeride
751 1421 825 1445 non
858 1407 998 1459 magis,
1030 1422 1137 1460 quam
1170 1408 1342 1446 Socratis

156 1490 177 1514 a
207 1488 390 1526 persona,
421 1474 580 1511 alienum
611 1474 738 1520 suerit,
771 1475 870 1512 salse
900 1475 1134 1526 repentinam
1163 1476 1341 1526 irruptio-

155 1555 238 1580 nem
276 1541 425 1591 rapacis
456 1540 581 1577 militis
612 1541 810 1591 proverbio
842 1548 1007 1578 notasse.
1067 1543 1215 1579 Tamen
1247 1543 1341 1579 stle-

153 1610 308 1647 malcas
339 1612 487 1652 noster,
535 1607 607 1644 divi
639 1607 730 1644 Julii
761 1607 936 1644 Caesaris
966 1608 1159 1653 laudator,
1198 1608 1340 1646 Moeris

153 1675 294 1727 adjicit,
325 1674 370 1711 ab
402 1673 562 1710 nominis
592 1673 753 1711 haerede
774 1673 885 1710 Laris
918 1673 1074 1711 benefici
1104 1675 1338 1721 restituetur,

152 1748 263 1792 teque
304 1754 378 1778 non
418 1740 556 1785 minus,
596 1753 703 1790 quam
742 1746 914 1777 caeteros
953 1741 1128 1778 Caesaris
1159 1742 1337 1787 cultoreS,

150 1808 266 1846 totius
298 1807 478 1858 poematis
508 1807 640 1844 crebra
671 1806 871 1844 iteratione
902 1806 1131 1845 laetificabit.

265 1877 445 1913 56—65.
505 1874 562 1910 An
602 1872 852 1910 infirmitatem
885 1874 1085 1911 memoriae
1116 1879 1155 1911 tu
1186 1881 1222 1912 et
1255 1888 1339 1912 rau-

152 1942 300 1980 citatem
331 1940 434 1980 vocis
464 1941 680 1990 praetexis!
712 1941 873 1986 ¹locaris,
906 1954 1035 1991 meque
1053 1942 1231 1978 morando
1250 1955 1336 1979 can-

153 2014 212 2045 tus
237 2008 294 2046 vis
324 2007 551 2058 cupidiorem
581 2007 745 2045 efficere.
805 2008 908 2059 Age,
948 2021 1041 2045 cane
1071 2009 1197 2045 modo!
1240 2008 1335 2045 Ven-

153 2080 273 2112 torum
304 2074 489 2112 silentium
520 2087 594 2110 nou
627 2074 750 2125 magis
781 2074 981 2120 blanditur,
1012 2088 1119 2124 quam
1149 2087 1277 2124 parum
1298 2075 1333 2111 id

152 2146 211 2179 est
246 2141 426 2179 lateribus
465 2138 716 2191 (pulmonibus
753 2154 787 2179 v.
821 2141 942 2178 Clau.
973 2141 1083 2178 Era.
1115 2155 1144 2177 s.
1175 2141 1229 2192 v.)
1260 2142 1335 2178 tuis

153 2208 323 2254 noxium3
383 2212 581 2258 praeterea
633 2207 780 2258 paulum
833 2208 892 2245 hic
942 2207 1030 2245 licet
1083 2208 1333 2257 requiescere.

154 2273 296 2315 Quodsi
327 2274 484 2324 pluviam
515 2275 685 2313 timemus
717 2273 959 2319 oborientem,
990 2287 1102 2325 porro
1125 2287 1263 2321 eamus,
1295 2281 1333 2312 et
