1515 2620
235 182 323 222 2¹4
577 173 782 211 ECLOGA
812 172 862 218 X,
895 175 1074 211 35—41.

235 288 319 326 vide
355 300 386 324 v.
422 290 492 329 14,
531 285 592 335 qui
630 284 859 335 precationis
896 289 1002 322 ratae
1039 282 1164 321 sactae
1202 285 1309 322 testis
1346 292 1415 323 est.

234 355 378 398 Haec,
417 366 440 390 ιι
469 352 600 402 quibus
630 360 774 390 tamen
803 365 876 389 non
907 351 1068 389 desisto:
1107 364 1268 389 amorem
1297 366 1417 390 meum

235 421 282 458 ad
311 426 464 458 mortem
495 431 612 470 usque
642 426 933 470 permanentem.
991 419 1096 456 Mors
1126 418 1188 456 ubi
1218 418 1287 456 sub
1312 419 1417 457 hilari

235 487 399 541 imagine
435 487 555 525 somni
590 486 765 540 fingitur,
804 487 854 524 ibi
890 492 978 526 vota
1002 488 1213 535 placidae
1242 490 1418 538 quietis,

235 562 360 594 terrae
398 568 512 607 super
547 568 634 592 ossa
671 554 783 601 levis,
821 554 954 606 lapidis
984 568 1071 592 ossa
1100 568 1174 591 non
1204 567 1418 607 aggravan-

236 624 283 661 tis
314 623 555 674 quotidianae
583 622 759 674 loquendi
789 621 971 660 formulae
999 627 1099 659 sunt.
1131 622 1286 660 Animae
1314 634 1420 660 meae

235 691 403 742 quamvis
441 690 605 729 defuncti
643 690 780 728 solatio
820 691 888 736 sit,
926 690 957 727 si
989 690 1037 727 ad
1066 696 1325 742 argumentum
1354 702 1418 729 ve-

233 767 395 797 strorum
427 759 642 804 carminum,
674 758 811 795 additis
830 759 1019 805 fistulae
1051 758 1169 795 modis
1198 758 1276 796 sive
1306 757 1420 796 tibiae

234 840 281 864 ex
312 826 476 877 pluribus
506 826 656 864 calamis
686 826 732 872 ll,
765 831 836 873 37,
867 840 1003 864 meum
1033 839 1219 864 amorem
1248 838 1320 862 non
1353 825 1419 862 mi-

234 907 324 940 nuS‚
365 907 471 945 quam
510 894 734 932 celebratum
772 894 997 944 Daphnidis,
1037 893 1243 946 elegeritis.
1302 893 1418 932 Vetus

231 961 365 1007 lectio,
415 965 665 1013 quiescant,
713 965 753 999 xi
790 964 933 1009 (licat,
982 968 1156 1013 precatur
1200 961 1417 1006 modestius,

232 1042 339 1080 quam
378 1028 626 1067 confidentius
666 1033 913 1081 quien-ent,-
955 1029 1122 1080 quamvis
1164 1029 1201 1066 ivd
1232 1035 1270 1066 et
1298 1029 1418 1080 ipsum

232 1097 279 1135 ad
309 1098 431 1135 dicat
459 1097 552 1135 bene
582 1110 623 1134 se
653 1097 788 1134 habeat
816 1098 878 1143 1V,
912 1101 975 1136 58.
1007 1097 1069 1142 w,
1105 1102 1166 1135 10.

346 1169 526 1207 35—41.
558 1165 626 1201 Sui
656 1170 788 1212 status,
820 1178 843 1202 a
872 1178 944 1215 quo
977 1170 1121 1201 mortuo
1152 1164 1295 1201 demum
1313 1163 1419 1214 quies

232 1232 324 1279 crit,
363 1246 445 1271 cum
475 1232 746 1283 tranquillitate
776 1232 960 1274 Arcadiae
991 1232 1219 1284 comparatio
1251 1236 1418 1282 optatum

231 1301 267 1340 ei
298 1301 451 1348 excitat,
483 1306 524 1338 ut
553 1301 633 1351 ipse
663 1301 794 1346 Arcas,
826 1300 990 1351 quamvis
1022 1313 1069 1338 ex
1100 1299 1235 1337 infimis
1262 1305 1418 1344 tantum,

230 1368 348 1407 fuisse
377 1368 491 1406 malit.
536 1369 662 1413 Tunc,
693 1367 792 1405 inter
821 1382 954 1406 secura
985 1367 1153 1420 negotia,
1184 1380 1288 1404 amor
1316 1372 1419 1404 certe

231 1449 306 1473 non
338 1435 522 1473 infelicem
553 1450 634 1473 eum
665 1436 881 1474 reddiderit.
911 1459 968 1463 ——
996 1436 1181 1482 Fuisse,
1219 1448 1293 1472 non
1323 1433 1419 1481 fieri,

229 1504 311 1542 vult
329 1504 472 1549 Gallus,
505 1503 567 1553 qui
593 1503 700 1539 morti
731 1517 772 1540 se
804 1504 967 1541 devovit.
1003 1504 1161 1542 Custos
1191 1503 1325 1556 gregis
1355 1508 1420 1540 aut

230 1571 429 1622 peculiaris
463 1570 503 1616 V,
535 1573 601 1615 44,
633 1577 698 1607 aut
727 1570 911 1607 commissi
938 1571 1003 1615 ΙΙΙ,
1037 1576 1073 1611 5.
1109 1570 1200 1608 Col.
1232 1570 1311 1615 ΠΙ,
1345 1574 1418 1615 123

230 1638 290 1676 hic
320 1639 390 1676 hoc
420 1637 671 1688 potissimum,
710 1637 756 1674 ob
796 1640 1024 1674 vinitorem
1056 1638 1312 1688 conjunctum,
1356 1637 1419 1688 qui

232 1707 330 1757 apud
369 1705 608 1743 Columellam
646 1705 716 1750 ΙΙΙ,
763 1711 785 1743 3
831 1710 890 1742 est
927 1710 1067 1752 emtus,
1122 1705 1219 1756 apud
1259 1704 1419 1742 Plinium

230 1774 332 1820 xlv,
364 1780 387 1813 3
421 1773 645 1811 conductus:
684 1778 724 1809 ut
755 1772 807 1809 ita
838 1772 968 1809 Gallus
1000 1772 1204 1823 desperans
1235 1773 1419 1810 conditio-

231 1856 314 1880 nem
353 1840 469 1879 infimi
507 1840 684 1887 Arcadis,
733 1840 794 1891 qui
834 1846 898 1878 aut
936 1853 1095 1892 egenum
1132 1840 1313 1891 peculium
1349 1853 1418 1878 sua

231 1923 354 1955 manu,
391 1915 456 1947 aut
486 1910 584 1947 bona
617 1909 738 1947 aliena
770 1909 988 1946 mercenarii
1020 1915 1083 1945 aut
1112 1907 1211 1946 servi
1240 1907 1323 1945 loco
1352 1909 1417 1946 ad-

231 1978 480 2023 ministraret,
525 1990 615 2014 suae
659 1983 916 2028 anteponeret.
984 1976 1064 2013 Hoc
1106 1975 1250 2027 quidem
1287 1975 1319 2013 si
1357 1989 1417 2027 cui

231 2045 394 2096 iniquius
426 2058 509 2083 esse
538 2045 699 2090 videtur,
731 2044 825 2082 sciat
854 2045 899 2090 is,
930 2044 966 2081 in
998 2044 1157 2082 Arcadia
1186 2057 1259 2080 non
1285 2043 1416 2094 minus,

233 2127 340 2164 quam
372 2113 516 2150 Romae
547 2113 735 2163 antiquae,
768 2118 805 2150 et
835 2117 966 2163 postea
997 2111 1031 2148 in
1064 2111 1208 2163 oppidis
1239 2118 1276 2149 et
1305 2111 1416 2164 pagis

234 2181 482 2232 incorruptis,
525 2193 656 2219 servos
694 2180 807 2217 multo
839 2179 1059 2235 liberalius„
1087 2193 1193 2230 quam
1224 2193 1322 2218 nunc
1350 2194 1416 2217 no·

233 2254 334 2285 stros
373 2249 587 2299 plerumque
634 2247 790 2285 colonos
834 2246 1079 2298 ascriptitios,
1131 2247 1276 2285 habitos
1317 2260 1415 2286 esse.

238 2315 423 2359 Arcades,
475 2316 743 2366 Theopompus
786 2316 822 2352 iu
870 2315 1051 2353 Athenaei
1090 2315 1157 2360 lv,
1202 2322 1248 2354 13
1289 2315 1413 2354 tradit.
