1515 2620
165 144 251 184 102
569 132 775 172 ECLOGA
806 131 880 178 lX,
914 137 949 169 1.

165 253 269 287 sorte
305 247 569 296 colloquuntur
599 244 814 288 Menalcae,
852 243 958 280 locos
989 255 1037 279 ex
1068 243 1150 293 ejus
1180 242 1349 280 carmini·

164 316 233 353 bus
263 318 472 356 cantantes,
505 324 631 348 amore
663 310 769 347 simul
802 314 840 347 et
870 309 1002 346 dolore
1032 308 1173 346 addito.
1234 310 1350 347 lnter-

165 386 298 431 ruptae
347 378 514 429 quamvis
569 377 764 415 cantiones
811 375 970 413 fortuito
1019 389 1104 413 esse
1153 375 1352 414 videantur

164 447 334 497 elapsae,
381 445 548 482 eumdem
591 450 714 481 tamen
764 457 891 481 omnes
932 444 977 480 ad
1019 443 1127 481 finem
1166 448 1351 493 spectant,

163 514 211 551 ed
241 525 348 563 quem
379 512 509 562 quinta
540 524 686 561 quoque
718 524 797 548 cum
830 511 996 548 secunda
1024 517 1061 548 et
1090 510 1204 547 tertia
1219 511 1354 562 ecloga

164 579 210 618 ad
249 581 449 617 Caesarem
489 579 733 631 Octavia-num
765 579 867 629 prius
900 578 1102 628 permissae
1136 575 1249 629 (Arg.
1284 577 1351 628 VJ:

163 659 296 697 nempe
334 647 380 684 ad
420 647 537 691 hunc,
579 651 621 683 ut
660 645 766 682 simul
805 652 842 683 et
882 647 927 683 de
967 650 1079 696 poeta
1117 650 1154 682 et
1185 645 1231 682 de
1261 644 1352 681 Julii

164 713 343 751 Caesaris
373 714 602 750 admiratore
634 712 925 749 misericordiam
958 716 1228 750 commoveant.

541 1001 980 1040 Anuotata.

279 1125 316 1157 1.
378 1120 561 1164 Moeris,
593 1119 773 1170 praedioli
804 1118 988 1156 Maronici
1018 1118 1176 1164 villicus,
1208 1125 1247 1156 et
1261 1118 1355 1169 Ly-

163 1188 311 1232 cidas,
354 1187 506 1237 juvenis
551 1200 597 1223 ex
643 1200 742 1239 pago
782 1187 990 1237 propinquo
1030 1192 1164 1224 cantus
1195 1192 1353 1233 amator,

166 1254 311 1292 obviam
350 1253 464 1301 fiunt,
503 1267 576 1304 quo
615 1254 750 1291 bivium
792 1254 969 1292 convenit
999 1255 1045 1291 ad
1077 1254 1268 1299 Mantuam
1300 1253 1356 1291 fe·

167 1334 272 1367 rens,
315 1334 464 1371 unaque
502 1327 593 1359 eunt
630 1322 888 1372 colloquentes
919 1327 956 1359 et
987 1329 1181 1359 canentes.
1241 1321 1355 1371 Lyci-

167 1387 234 1424 das
279 1389 452 1437 quoniam
488 1386 646 1437 hospes
686 1394 745 1426 est
780 1389 907 1434 Ande,
953 1390 1113 1426 nondum
1154 1389 1185 1426 is
1223 1389 1354 1434 audiit,

166 1458 314 1504 poetam
345 1467 492 1504 quoque
522 1455 727 1499 Andinum,
760 1456 818 1492 cui
850 1457 980 1493 laudes
1011 1463 1187 1507 acceptas
1219 1456 1254 1493 in
1289 1456 1355 1492 Ju-

166 1520 253 1557 lium
296 1522 496 1559 Caesarem
529 1534 598 1559 nec
629 1535 748 1572 pauca
778 1523 852 1559 alia
882 1523 1048 1560 carmina
1079 1524 1209 1567 debet,
1249 1535 1356 1573 prae·

168 1587 265 1624 dium
296 1600 402 1624 suum
435 1601 553 1638 nuper
583 1589 766 1625 amisisse.
827 1590 909 1625 Non
942 1603 1051 1626 secus
1073 1589 1284 1626 Theocrito
1317 1589 1352 1626 in

167 1655 324 1705 septimo
364 1655 509 1705 idyllio,
550 1669 659 1705 quum
698 1656 743 1692 ad
784 1656 958 1693 Cerealia
995 1669 1104 1694 sacra
1139 1656 1356 1694 Θαλυσίων

167 1722 325 1774 migrat,
372 1722 407 1759 in
449 1723 610 1773 compito
643 1723 806 1773 Lycidas
837 1723 1031 1761 familiaris
1063 1725 1247 1769 occurrit,
1292 1737 1354 1762 ca·

167 1789 315 1840 prarius
347 1790 541 1827 Cretensis
572 1790 697 1841 itaque
729 1804 811 1828 eum
843 1791 1045 1841 alloquitur
1074 1805 1108 1829 v.
1141 1796 1218 1829 ‘212

282 1862 364 1893 Sole
395 1862 498 1904 pedes
524 1862 637 1894 medio
662 1873 729 1905 quo
755 1862 940 1895 simichida
966 1860 1099 1894 trallis?
1125 1862 1216 1895 edic.

172 1922 265 1965 Quo
297 1931 338 1961 te
363 1926 527 1971 pedes?
558 1925 665 1962 deest
695 1927 883 1963 ducunt:
916 1926 1114 1976 proverbio
1141 1926 1277 1963 dicitur
1307 1926 1353 1964 de

169 1989 318 2040 stupido
350 1991 498 2029 incessu
531 1996 569 2029 et
601 1993 707 2030 tarde
740 2000 996 2043 promovente.
1057 1993 1201 2030 Plinius
1234 1993 1352 2029 minor

169 2057 256 2102 Vll,
304 2063 326 2097 5
358 2059 487 2097 scribit
516 2060 646 2106 uxori,
690 2061 735 2098 ad
768 2062 927 2099 diaetam
959 2067 1057 2098 tuam
1091 2060 1158 2110 ipsi
1192 2073 1269 2104 me,
1311 2067 1354 2097 ut

170 2124 363 2163 verissime
411 2127 565 2174 dicitur,
609 2130 745 2176 pedes
783 2131 958 2167 ducunt.
1031 2128 1129 2165 ldem
1168 2128 1237 2164 sibi
1276 2128 1354 2165 vult

169 2191 436 2231 'Phenei-iteum
469 2195 576 2241 illud,
610 2197 663 2250 πῇ
696 2195 743 2234 τὺ
775 2192 879 2234 ῑιόὸα
912 2194 1052 2241 ἵλκειςς
1085 2201 1122 2233 et
1154 2195 1254 2239 ΧΙΙΙ,
1288 2201 1353 2234 70.

170 2258 276 2303 xlv,
318 2265 370 2300 42
410 2262 590 2299 Hercules
626 2262 756 2301 furens
792 2269 829 2302 et
866 2264 996 2302 mulier
1033 2263 1214 2314 vapulans
1246 2262 1350 2300 festi-
