1515 2620
194 175 286 216 206
531 166 735 206 ECLOGA
767 167 815 214 X,
849 171 1026 206 19—21.

197 282 307 319 hahet
338 284 560 330 correptam.
610 279 809 317 Bubulci
840 283 928 316 sunt
959 279 1076 326 tardi,
1107 280 1231 330 qualia
1260 294 1390 319 eorum

196 352 383 392 armenta3
421 346 569 383 minime
600 351 773 397 pastores
804 360 930 393 suum,
970 347 1166 393 subulci,
1213 346 1390 386 librorum

196 414 337 463 aliquot
367 426 476 450 manu
507 413 731 464 scriptorum
762 419 949 460 veterum3
982 427 1105 465 genus
1132 414 1227 452 enim
1244 414 1391 453 suillum

196 480 378 517 incessum
398 480 460 518 vix
480 481 671 531 permittat
689 487 909 521 morantem.
973 481 1099 518 Libris
1116 480 1257 518 nostris
1282 494 1390 520 manu

195 547 345 597 scriptis
386 552 444 584 est
473 548 653 599 Apuleius
692 548 902 599 antiquior,
946 548 1008 599 qui
1046 549 1102 586 bis
1142 548 1392 601 Virgiliannm

196 616 430 662 opilionem
461 620 499 652 et
529 616 806 667 bubsersuam,
841 615 865 653 i.
898 629 931 654 e.
950 621 1136 654 rectorem
1157 616 1280 662 boum,
1311 616 1391 655 lau—

196 682 279 727 dat,
319 683 364 719 ad
403 683 501 720 hunc
539 682 659 720 locum
698 683 916 734 respiciens.
977 683 1170 735 Denique,
1212 684 1301 735 quid
1331 683 1391 722 hie

194 749 265 787 sibi
303 750 419 788 velint
456 750 624 786 subulci?
669 751 903 788 stleualcas
941 751 1118 788 subulcus
1157 765 1265 802 quum
1303 765 1391 803 pro-

194 816 295 853 ximo
326 830 436 854 versu
468 822 619 867 praesto
650 817 712 855 sit.
772 818 860 856 Veri
890 818 1010 856 simile
1040 823 1111 865 est,
1142 819 1189 856 ad
1216 819 1390 857 Menal-

193 896 269 921 cas
299 883 631 935 interpretaturum
661 885 850 923 addidisse
881 886 1039 937 aliquem
1070 887 1288 932 subulcus,
1319 886 1389 924 ita-

194 964 265 1001 que
301 950 457 989 insanae
496 953 743 990 correctionis
782 966 930 991 causam
963 954 1122 992 dedisse.
1182 955 1390 1005 Utrumque

194 1018 293 1055 istud
323 1019 557 1066 vocabulum,
589 1020 691 1058 succi
722 1021 868 1072 plenum
901 1021 1067 1067 villatici,
1099 1022 1212 1059 semel
1244 1027 1389 1059 tantum

195 1084 376 1138 Virgilius
405 1087 476 1124 hoc
506 1087 542 1124 in
574 1088 658 1125 loco
690 1088 876 1134 adhibuit,
916 1093 954 1125 et
991 1088 1036 1125 de
1066 1087 1245 1125 Arcadia!
1296 1088 1388 1126 Nam

193 1153 238 1190 ab
278 1153 400 1191 inerte
439 1154 615 1201 mollitia,
661 1168 781 1206 paene
820 1155 1055 1205 Sybaritica,
1099 1168 1198 1193 nunc
1235 1160 1390 1194 nostrae

193 1225 354 1271 poeseos
384 1221 626 1272 pastoritiae,
657 1227 730 1260 tam
762 1224 877 1275 longe
908 1223 989 1274 ejus
1020 1223 1187 1260 Arcades
1218 1223 1389 1269 aberant,

192 1292 245 1333 ut,
278 1288 314 1324 in
346 1293 554 1339 poematum
587 1303 713 1328 amore
740 1290 922 1342 legitimo,
955 1290 1098 1327 coelum
1118 1289 1388 1328 crassissimum

192 1359 231 1392 et
268 1355 417 1393 labores
455 1357 674 1395 durissimos
714 1358 922 1395 tolerarent
953 1357 1038 1405 Vn,
1084 1362 1122 1395 4.
1184 1358 1311 1399 Quare
1341 1357 1388 1395 ad

192 1422 387 1461 veritatem
427 1428 540 1474 poeta
571 1425 786 1462 describens
819 1438 865 1462 ne
897 1424 1123 1463 subulcum
1153 1424 1299 1476 quidem
1329 1424 1389 1462 hic

193 1488 360 1535 evitavit,
392 1503 498 1540 quem
531 1488 640 1529 nimis
670 1505 754 1528 esse
784 1492 986 1543 ignobilem
1018 1493 1063 1529 ad
1096 1506 1184 1529 suos
1215 1497 1389 1543 pastores

193 1555 434 1593 adumbratos
482 1558 712 1595 Theocritus
757 1558 932 1595 censuit:
994 1558 1156 1596 Arcadia
1199 1558 1386 1608 quoniam,

193 1623 292 1673 quod
323 1636 437 1674 supra
466 1625 764 1670 memoravimus,
794 1624 962 1662 homines
994 1629 1031 1661 et
1049 1638 1135 1662 sues
1153 1625 1388 1663 multitudine

192 1692 429 1741 glaudium
459 1691 680 1742 saginabat3
729 1696 766 1728 ct
804 1692 925 1728 Varro
958 1691 1011 1737 ΙΙ,
1053 1695 1077 1729 4
1118 1691 1310 1742 quoniam,
1350 1691 1388 1729 in

191 1757 356 1796 Arcadia
385 1771 488 1795 suem
519 1771 560 1795 se
591 1758 741 1805 vidisse,
773 1758 881 1795 testis
913 1763 982 1804 est,
1015 1771 1122 1809 quae,
1153 1771 1244 1810 prae
1276 1758 1388 1796 nimia

192 1825 478 1877 pinguetudine,
509 1838 669 1878 surgere
698 1825 889 1876 nequiret3
921 1826 1028 1877 cujus
1059 1825 1095 1862 in
1127 1839 1240 1863 carne
1272 1839 1388 1864 sorex

191 1892 318 1929 nidum
349 1891 512 1938 fecerat,
559 1897 597 1931 et
627 1898 827 1944 pepererat
864 1905 999 1930 mures·
1060 1892 1225 1930 Crudum
1263 1896 1388 1930 tamen

191 1959 272 1997 auri
319 1959 512 1997 Romanae
557 1961 842 1998 condonabatur
891 1961 1119 2007 subulcus,
1166 1959 1387 2011 praesertim

191 2031 278 2078 post
317 2021 620 2076 ὃμοιοτὲλευτον
656 2027 853 2074 bubulci,
895 2032 932 2065 et
972 2026 1098 2064 officia
1134 2032 1277 2064 tantum
1309 2027 1388 2064 Me-

191 2095 325 2132 nalcae
355 2096 485 2132 vmido
504 2095 658 2132 humore
677 2095 807 2141 silvae,
838 2096 1072 2145 glaudium
1101 2092 1389 2132 hibernarum

190 2161 338 2211 plenae,
368 2160 692 2213 significabantur.
756 2162 900 2199 Clam·
930 2160 1133 2207 hiberna,
1165 2174 1282 2212 quae,
1313 2174 1387 2198 non

192 2228 364 2273 collecta,
396 2229 522 2266 densis
553 2229 590 2266 in
617 2228 724 2281 jugis
755 2229 932 2267 montium
950 2242 1015 2280 per
1031 2228 1185 2266 hiemem
1198 2229 1386 2280 jacuerat.

192 2294 269 2331 Ver
305 2294 403 2332 enim
441 2308 541 2334 nunc
572 2296 690 2346 ipsum
722 2295 861 2342 fuisse,
902 2296 938 2333 id
970 2295 1172 2334 ferularum
1203 2294 1317 2333 flores
1347 2298 1386 2332 et
