1515 2620
520 146 723 185 ECLOGA
755 146 961 185 DEClMA.
1255 151 1334 192 191

149 254 283 300 Venit
313 260 357 297 et
386 254 537 312 upilio,
570 256 682 298 tardi
712 270 875 298 venere
905 254 1096 308 bubulci,

151 321 315 364 Uvidus
343 322 529 364 hiberna
558 323 675 365 veuit
706 324 759 364 de
791 323 953 377 glande
984 321 1227 364 Menalcas.
1338 313 1392 352 20

152 388 342 443 Omnes,
374 391 487 431 unde
518 403 642 430 amor
670 390 778 442 iste,
822 395 1001 443 rogant,
1043 388 1145 430 tibi?
1204 387 1336 431 Venit

688 455 868 510 Apollo:

152 522 308 576 Galle,
339 523 439 578 quid
470 522 659 563 insanis?
690 522 842 577 inquit:
880 527 956 563 tua
986 536 1092 563 cura
1122 522 1307 574 Lycoris

150 589 324 646 Perque
363 589 485 630 nives
527 588 657 630 alium
688 602 852 644 perque
882 588 1058 628 horrida
1089 595 1239 631 castra
1269 603 1335 632 se-

690 660 794 696 cuta
825 652 909 695 est!

152 719 287 762 Venit
317 726 362 762 et
391 720 558 775 agresti
589 722 746 777 capitis
778 720 983 762 Silvanus
1012 721 1192 776 honore,

149 786 385 829 Florentes
416 788 583 829 ferulas
615 793 659 829 et
696 788 882 842 grandia
910 787 1002 828 lilia
1032 802 1262 842 quassans.
1335 797 1390 840 25

149 853 268 907 Pan,
300 856 408 896 deus
427 854 665 907 Arcadiae,
696 854 832 896 venit:
864 868 991 908 quem
1024 854 1206 896 vidimus
1235 855 1334 911 ipsi,

150 919 416 973 Sanguineis
448 920 563 961 ebuli
594 919 745 961 baccis
775 920 991 975 minioque
1021 922 1265 964 rubentem.

149 986 311 1042 Ecquis
350 985 433 1027 erit
469 987 650 1027 modus?
695 987 842 1041 iuquit.
916 987 1055 1028 Amor
1098 1003 1182 1029 nou
1227 989 1336 1031 talia

690 1051 834 1095 curat!

149 1119 246 1161 Nec
275 1118 470 1161 lacrimis
506 1119 697 1160 crudelis
730 1120 888 1174 Amor,
927 1134 1011 1163 nco
1047 1122 1249 1176 gramina
1285 1123 1337 1164 ri-

687 1187 766 1239 vis,

149 1253 247 1295 Neo
289 1252 428 1304 cytiso
472 1258 724 1295 saturantur
767 1268 898 1309 apes,
942 1268 1027 1296 nec
1064 1254 1218 1296 froude
1263 1261 1390 1301 (ιθ-30

692 1318 856 1375 pellae!

151 1385 315 1428 Tristis
346 1390 392 1427 at
422 1386 515 1428 ille:
548 1386 723 1428 Tamen
747 1386 996 1440 cantabitis,
1028 1387 1245 1441 Arcades,
1277 1387 1336 1428 in-

694 1453 798 1507 quit,

149 1518 370 1561 Montibus
399 1519 514 1560 haec
543 1518 720 1569 vestris,
753 1517 834 1559 soli
865 1523 1048 1560 cantare
1079 1519 1206 1573 periti

148 1584 371 1628 Arcades!
406 1584 444 1625 Ο
477 1584 579 1626 mihi
608 1590 698 1626 tum
729 1598 858 1639 quam
879 1585 1068 1626 molliter
1086 1598 1191 1626 ossa
1220 1585 1334 1641 quie-

688 1657 831 1703 scant,

149 1717 316 1762 Vestra
345 1731 469 1758 meos
500 1716 599 1757 olim
633 1717 667 1757 si
699 1716 844 1758 fistula
875 1717 991 1759 dicat
1023 1717 1215 1759 amores!

147 1784 295 1840 Atque
324 1784 489 1825 utinam
522 1797 577 1824 ex
606 1783 727 1824 vobis
757 1798 883 1835 unus,
912 1785 1131 1839 vestrique
1150 1784 1390 1836 suissem35

149 1850 239 1892 Aut
269 1856 417 1892 custos
448 1850 705 1903 gregisnaut
736 1856 935 1891 maturae
974 1851 1129 1892 vinitor
1159 1851 1291 1893 uvae!

150 1916 313 1969 Certe,
346 1916 438 1956 sive
470 1916 570 1956 inihi
602 1915 791 1968 Phyllis,
824 1916 916 1957 sive
949 1922 1071 1958 esset
1100 1917 1332 1970 Amyntas,

149 1982 240 2024 Seu
277 1983 535 2037 quicumque
572 1982 713 2035 furor,
768 1981 886 2036 (quid
932 1989 1045 2038 tum,
1102 1983 1139 2024 si
1181 1983 1333 2025 fuscus

686 2049 903 2100 Amyntas
915 2050 932 2088 2

148 2114 206 2157 Et
234 2116 388 2170 nigrae
418 2115 584 2168 violae,
616 2121 714 2157 sunt
747 2122 790 2157 et
820 2115 1021 2157 vaccinia
1050 2116 1224 2170 nigrai)

149 2181 324 2223 Mecum
355 2183 468 2224 inter
498 2182 690 2236 salices,
728 2182 850 2224 lenta
881 2181 960 2222 sub
991 2182 1076 2223 vito
1100 2181 1296 2233 jaceret!
1332 2192 1390 2235 40

149 2248 283 2292 Serta.
314 2249 413 2290 mihi
444 2249 611 2301 Phyllis
640 2249 837 2304 legeret,
870 2254 1071 2291 cantaret
1095 2248 1330 2301 Amyntas!
