1515 2620
508 146 711 184 ECLOGA
738 147 803 193 lx,
836 150 1015 186 46-50.
1262 154 1348 193 185

166 255 308 293 alienas
339 255 495 293 miscere
525 255 678 300 solitus,
717 255 875 293 Dionam
907 269 989 293 am.
1023 258 1059 301 1,
1101 260 1170 303 14,
1204 261 1253 295 33
1287 259 1345 296 vel

165 321 272 359 istam
310 321 425 373 ipsam
463 321 643 358 Venerem
683 322 792 367 dicit,
831 335 926 372 quae
958 320 1140 372 (Hesiodo
1171 322 1343 374 auctore)

164 400 212 426 ex
242 388 335 425 mari
365 393 532 425 materno
563 387 742 439 emergit,
773 388 898 438 itaque
928 388 1074 426 Dionae
1104 390 1156 426 illi
1186 402 1233 427 ne
1263 388 1344 427 affi-

164 454 221 491 nis
251 455 398 505 quidem
429 458 500 491 est.
560 455 644 504 lpse
669 454 795 491 Julius
819 456 961 492 Caesar
990 460 1167 506 quaestor
1196 455 1343 493 amitam

163 534 266 558 suam
305 519 515 558 defunctam
545 520 701 567 duliam,
740 522 849 558 Marii
878 522 1028 573 majoris
1060 535 1234 569 uxorem,
1275 536 1342 572 pro

164 587 315 624 Rostris
344 587 533 633 laudabat,
564 587 661 636 quod
691 600 813 638 genus
835 589 916 639 ejus
940 594 1144 625 maternum
1169 589 1214 625 ab
1238 589 1341 626 Anco

161 653 305 691 Marcio
324 667 428 706 rege,
448 658 640 704 paternum
664 667 686 691 a
708 654 852 691 Venere
876 654 1070 691 oriundum
1087 659 1200 691 esset.
1240 655 1343 692 Haec

162 719 280 771 igitur
296 725 354 758 est
372 720 569 758 sententia.
639 720 808 759 Vetere-5·
840 728 963 758 ortus
992 724 1220 771 sigum-‘um
1249 731 1340 757 coe-

163 787 361 834 lestium,
395 787 561 838 Daphni,
594 800 640 824 ne
670 787 836 837 suspice!
877 787 1051 838 Majoris,
1083 787 1138 823 his
1167 786 1288 823 adhue
1317 799 1340 823 u

161 853 269 890 nobis
306 853 514 892 observatis
550 853 711 890 siderum
742 854 941 898 meatibus,
985 854 1046 903 qui
1077 866 1191 903 opera
1220 852 1340 897 nobis,

162 924 419 969 tempestatem
457 923 495 956 et
525 918 755 956 fertilitatem
786 919 1072 971 significabant,
1118 919 1204 957 hinc
1233 918 1340 957 nobis

160 984 340 1037 agricolis
371 998 468 1023 nova
498 985 571 1022 ista
601 987 736 1023 stella
765 984 842 1031 fiet,
876 998 983 1036 quae,
1015 988 1178 1024 sideri-s·
1209 986 1338 1031 instar,

159 1051 261 1104 signi
291 1051 411 1089 instar
440 1051 631 1089 stellarum
662 1052 839 1102 plurium,
880 1060 1069 1098 astrum,
1108 1052 1266 1097 micans,
1303 1052 1339 1089 in

159 1119 235 1156 ulto
277 1131 345 1155 suo
383 1131 495 1156 cursu
535 1118 738 1168 conspicua
775 1119 889 1165 exiit,
927 1122 1160 1166 processit.
1227 1117 1340 1155 Hafa.

157 1185 206 1222 Ι)
246 1187 495 1234 praecessit
540 1184 636 1222 falso
681 1185 804 1222 habet.
879 1186 1078 1222 Destinata
1124 1186 1219 1223 enim
1265 1191 1335 1230 est,

158 1251 461 1300 quemadmodum
498 1264 616 1297 nunc,
662 1252 715 1289 ita
753 1250 1011 1290 anniversario
1050 1252 1171 1289 reditu
1208 1257 1340 1302 postea

156 1329 304 1367 quoque
334 1318 380 1354 ad
400 1319 570 1367 fiwges
600 1319 860 1364 maturandas,
906 1331 1107 1369 praecoces
1136 1332 1245 1355 uvas
1277 1331 1338 1358 co-

157 1384 238 1421 lore
281 1383 484 1436 tingendas
531 1389 570 1421 et
600 1388 721 1432 piris
760 1388 955 1424 insitivis
992 1397 1098 1435 opem
1135 1384 1338 1422 ferendum.

155 1450 370 1500 Scriptores
407 1450 574 1488 historici
614 1464 775 1488 mensem
815 1464 890 1488 non
922 1451 1225 1496 nominaverunt,
1265 1463 1337 1500 quo

155 1517 264 1554 stella
305 1516 440 1554 crinita
480 1522 683 1567 conspecta
719 1521 795 1563 est3
845 1516 917 1554 nisi
955 1518 1052 1567 quod
1083 1530 1131 1554 cx
1163 1517 1338 1554 Caesaris

154 1587 308 1621 mortem
346 1583 515 1633 proxime
552 1584 794 1633 sequentibus
831 1583 949 1621 fuisse
979 1584 1129 1623 dieitur.
1190 1584 1335 1620 Recen-

154 1650 271 1688 tiores
303 1649 416 1686 nihilo
449 1649 567 1686 minus
597 1650 741 1686 stellam
773 1650 809 1685 in
841 1649 961 1686 medio
998 1662 1124 1686 mense
1154 1650 1337 1687 januario

154 1716 242 1754 alini
273 1716 428 1753 Dccxl
461 1716 761 1761 collocaverunt,
793 1716 963 1766 quoniam
995 1730 1075 1754 cum
1107 1715 1337 1766 Capricorno

154 1796 233 1821 eam
264 1783 500 1833 conjunctam
533 1795 616 1819 esse
648 1783 834 1820 volebant.
901 1783 970 1820 Hic
1010 1795 1099 1820 vcro
1138 1782 1242 1818 locus
1273 1795 1333 1818 no-

154 1853 232 1886 ster
263 1849 398 1886 nullum
425 1848 535 1885 alium
555 1863 713 1885 :inensem
747 1849 936 1898 permittit,
967 1853 1226 1899 praeterquam
1254 1849 1335 1885 Ju-

153 1917 261 1953 lium
291 1914 379 1951 alini
411 1914 570 1959 DCCX,
602 1915 659 1951 cui
691 1915 936 1961 Octavianus,
967 1915 1054 1966 lege
1083 1915 1172 1958 lata,
1204 1928 1335 1951 nornen

153 1982 223 2018 hoc
254 1994 319 2031 pro
351 1980 509 2021 Quintili
542 1981 656 2018 dedit.
716 1981 852 2018 Julium
885 1995 1044 2019 mensem
1076 1985 1223 2019 veteres
1248 1993 1337 2029 quo-

154 2060 226 2097 que
257 2047 521 2097 intelligebant
551 2047 752 2092 doctiores,
782 2060 876 2097 quos
906 2049 1040 2092 scriba,
1072 2048 1133 2096 qui
1165 2047 1333 2083 Servium

153 2113 363 2164 excerpsit,
407 2114 452 2150 ad
491 2128 525 2151 v.
565 2119 616 2152 48
657 2114 704 2150 ob
741 2115 870 2151 oculos
909 2113 1046 2150 habuit.
1111 2114 1155 2148 m
1187 2117 1338 2163 propter

153 2181 298 2217 stellam
331 2180 438 2218 istam
473 2179 641 2218 crinitam
667 2180 703 2217 in
733 2180 889 2218 Ausonii
912 2181 1010 2217 lael.
1043 2183 1094 2217 (le
1125 2191 1253 2217 metes,
1289 2183 1337 2216 13

159 2246 347 2297 splendet:
