<?xml version="1.0" encoding="UTF-8"?>
<!DOCTYPE html PUBLIC "-//W3C//DTD XHTML 1.0 Transitional//EN"
    "http://www.w3.org/TR/xhtml1/DTD/xhtml1-transitional.dtd">
<html xmlns="http://www.w3.org/1999/xhtml" xml:lang="en" lang="en">
 <head>
  <title>
</title>
<meta http-equiv="Content-Type" content="text/html;charset=utf-8" />
  <meta name='ocr-system' content='tesseract 3.04.00' />
  <meta name='ocr-capabilities' content='ocr_page ocr_carea ocr_par ocr_line ocrx_word'/>
</head>
<body>
  <div class='ocr_page' id='page_1' title='image "./eclogaevix00virguoft_0116.png"; bbox 0 0 1515 2620; ppageno 0'>
   <div class='ocr_carea' id='block_1_1' title="bbox 189 136 1021 187">
    <p class='ocr_par' dir='ltr' id='par_1_1' title="bbox 189 136 1021 187">
     <span class='ocr_line' id='line_1_1' title="bbox 189 136 1021 187; baseline -0.006 -6"><span class='ocrx_word' id='word_1_1' title='bbox 189 147 274 187; x_wconf 81' lang='lat' dir='ltr'><strong>uo</strong></span> <span class='ocrx_word' id='word_1_2' title='bbox 504 137 710 177; x_wconf 80' lang='lat' dir='ltr'><strong>ECLOGA</strong></span> <span class='ocrx_word' id='word_1_3' title='bbox 740 136 837 183; x_wconf 78' lang='lat' dir='ltr'><strong>vui,</strong></span> <span class='ocrx_word' id='word_1_4' title='bbox 867 141 1021 176; x_wconf 75' lang='lat'><strong>6-13,</strong></span> 
     </span>
    </p>
   </div>
   <div class='ocr_carea' id='block_1_2' title="bbox 188 245 1376 772">
    <p class='ocr_par' dir='ltr' id='par_1_2' title="bbox 188 245 1376 573">
     <span class='ocr_line' id='line_1_2' title="bbox 188 245 1372 306; baseline -0.008 -14"><span class='ocrx_word' id='word_1_5' title='bbox 188 258 332 306; x_wconf 84' lang='lat' dir='ltr'><strong>portum</strong></span> <span class='ocrx_word' id='word_1_6' title='bbox 368 250 546 289; x_wconf 72' lang='lat' dir='ltr'><strong>Venetiae</strong></span> <span class='ocrx_word' id='word_1_7' title='bbox 576 249 736 299; x_wconf 75' lang='lat' dir='ltr'>aliquem</span> <span class='ocrx_word' id='word_1_8' title='bbox 768 248 1019 285; x_wconf 72' lang='lat' dir='ltr'>nanciscatur.</span> <span class='ocrx_word' id='word_1_9' title='bbox 1079 245 1198 286; x_wconf 84' lang='lat' dir='ltr'><strong>Plane</strong></span> <span class='ocrx_word' id='word_1_10' title='bbox 1224 249 1276 286; x_wconf 80' lang='lat' dir='ltr'><strong>ita</strong></span> <span class='ocrx_word' id='word_1_11' title='bbox 1298 249 1372 285; x_wconf 82' lang='lat' dir='ltr'><strong>Ho-</strong></span> 
     </span>
     <span class='ocr_line' id='line_1_3' title="bbox 188 314 1373 369; baseline -0.011 -11"><span class='ocrx_word' id='word_1_12' title='bbox 188 322 316 359; x_wconf 81' lang='lat' dir='ltr'><strong>norius</strong></span> <span class='ocrx_word' id='word_1_13' title='bbox 347 318 442 369; x_wconf 82' lang='lat' dir='ltr'><strong>apud</strong></span> <span class='ocrx_word' id='word_1_14' title='bbox 474 317 718 354; x_wconf 74' lang='lat' dir='ltr'>Claudianum</span> <span class='ocrx_word' id='word_1_15' title='bbox 747 316 824 360; x_wconf 68' lang='lat' dir='ltr'><strong>vn,</strong></span> <span class='ocrx_word' id='word_1_16' title='bbox 861 320 938 353; x_wconf 79' lang='lat'><strong>¹19</strong></span> <span class='ocrx_word' id='word_1_17' title='bbox 971 314 1081 351; x_wconf 89' lang='lat' dir='ltr'><strong>litora</strong></span> <span class='ocrx_word' id='word_1_18' title='bbox 1101 314 1373 366; x_wconf 74' lang='lat' dir='ltr'><strong>Illyrici&#39;prae-</strong></span> 
     </span>
     <span class='ocr_line' id='line_1_4' title="bbox 189 381 1373 436; baseline -0.004 -11"><span class='ocrx_word' id='word_1_19' title='bbox 189 387 414 431; x_wconf 74' lang='lat' dir='ltr'><strong>tervelnitur,</strong></span> <span class='ocrx_word' id='word_1_20' title='bbox 447 384 642 436; x_wconf 83' lang='lat' dir='ltr'><strong>stringens</strong></span> <span class='ocrx_word' id='word_1_21' title='bbox 673 396 790 434; x_wconf 83' lang='lat' dir='ltr'><strong>agros</strong></span> <span class='ocrx_word' id='word_1_22' title='bbox 823 382 1054 426; x_wconf 71' lang='lat' dir='ltr'><strong>Dalmatiae,</strong></span> <span class='ocrx_word' id='word_1_23' title='bbox 1086 381 1238 419; x_wconf 82' lang='lat' dir='ltr'><strong>Timavi</strong></span> <span class='ocrx_word' id='word_1_24' title='bbox 1270 382 1373 420; x_wconf 76' lang='lat' dir='ltr'><strong>lacus</strong></span> 
     </span>
     <span class='ocr_line' id='line_1_5' title="bbox 191 449 1376 498; baseline -0.004 -7"><span class='ocrx_word' id='word_1_25' title='bbox 191 467 390 491; x_wconf 88' lang='lat' dir='ltr'><strong>numerans</strong></span> <span class='ocrx_word' id='word_1_26' title='bbox 433 458 471 490; x_wconf 89' lang='lat' dir='ltr'><strong>et</strong></span> <span class='ocrx_word' id='word_1_27' title='bbox 509 452 544 488; x_wconf 89' lang='lat' dir='ltr'><strong>iu</strong></span> <span class='ocrx_word' id='word_1_28' title='bbox 577 451 779 488; x_wconf 72' lang='lat' dir='ltr'><strong>Eridanum</strong></span> <span class='ocrx_word' id='word_1_29' title='bbox 811 450 969 487; x_wconf 77' lang='lat' dir='ltr'><strong>intrans,</strong></span> <span class='ocrx_word' id='word_1_30' title='bbox 1030 449 1199 485; x_wconf 86' lang='lat' dir='ltr'><strong>Antenor</strong></span> <span class='ocrx_word' id='word_1_31' title='bbox 1229 461 1376 498; x_wconf 85' lang='lat' dir='ltr'><strong>quoque</strong></span> 
     </span>
     <span class='ocr_line' id='line_1_6' title="bbox 193 515 1373 573; baseline -0.005 -15"><span class='ocrx_word' id='word_1_32' title='bbox 193 520 338 573; x_wconf 70' lang='lat' dir='ltr'><strong>virgilii</strong></span> <span class='ocrx_word' id='word_1_33' title='bbox 369 521 462 558; x_wconf 82' lang='lat' dir='ltr'><strong>Aen.</strong></span> <span class='ocrx_word' id='word_1_34' title='bbox 496 520 530 565; x_wconf 91' lang='lat' dir='ltr'><strong>I,</strong></span> <span class='ocrx_word' id='word_1_35' title='bbox 577 523 655 557; x_wconf 82' lang='lat'><strong>242</strong></span> <span class='ocrx_word' id='word_1_36' title='bbox 688 518 783 555; x_wconf 88' lang='lat' dir='ltr'><strong>idem</strong></span> <span class='ocrx_word' id='word_1_37' title='bbox 815 517 887 554; x_wconf 84' lang='lat' dir='ltr'><strong>iter</strong></span> <span class='ocrx_word' id='word_1_38' title='bbox 918 517 964 553; x_wconf 81' lang='lat' dir='ltr'><strong>ad</strong></span> <span class='ocrx_word' id='word_1_39' title='bbox 998 515 1193 554; x_wconf 77' lang='lat' dir='ltr'><strong>Patavium</strong></span> <span class='ocrx_word' id='word_1_40' title='bbox 1225 515 1373 567; x_wconf 84' lang='lat' dir='ltr'>dirigit:</span> 
     </span>
    </p>

    <p class='ocr_par' dir='ltr' id='par_1_3' title="bbox 323 614 1134 661">
     <span class='ocr_line' id='line_1_7' title="bbox 323 614 1134 661; baseline -0.009 -8"><span class='ocrx_word' id='word_1_41' title='bbox 323 620 480 652; x_wconf 80' lang='lat' dir='ltr'><strong>Antenor</strong></span> <span class='ocrx_word' id='word_1_42' title='bbox 504 617 634 661; x_wconf 82' lang='lat' dir='ltr'><strong>potuit,</strong></span> <span class='ocrx_word' id='word_1_43' title='bbox 670 616 792 650; x_wconf 86' lang='lat' dir='ltr'><strong>mediis</strong></span> <span class='ocrx_word' id='word_1_44' title='bbox 817 618 954 659; x_wconf 82' lang='lat' dir='ltr'><strong>elapsus</strong></span> <span class='ocrx_word' id='word_1_45' title='bbox 980 614 1134 656; x_wconf 79' lang='lat' dir='ltr'><strong>Achivis,</strong></span> 
     </span>
    </p>

    <p class='ocr_par' dir='ltr' id='par_1_4' title="bbox 327 671 1196 717">
     <span class='ocr_line' id='line_1_8' title="bbox 327 671 1196 717; baseline -0.007 -9"><span class='ocrx_word' id='word_1_46' title='bbox 327 675 480 717; x_wconf 80' lang='lat' dir='ltr'><strong>illyricos</strong></span> <span class='ocrx_word' id='word_1_47' title='bbox 508 679 687 717; x_wconf 68' lang='lat' dir='ltr'><strong>penetrare</strong></span> <span class='ocrx_word' id='word_1_48' title='bbox 712 673 806 706; x_wconf 80' lang='lat' dir='ltr'><strong>sinus</strong></span> <span class='ocrx_word' id='word_1_49' title='bbox 832 677 935 715; x_wconf 78' lang='lat' dir='ltr'><strong>atque</strong></span> <span class='ocrx_word' id='word_1_50' title='bbox 962 671 1079 704; x_wconf 84' lang='lat' dir='ltr'><strong>intima</strong></span> <span class='ocrx_word' id='word_1_51' title='bbox 1105 674 1196 703; x_wconf 84' lang='lat' dir='ltr'><strong>tutus</strong></span> 
     </span>
    </p>

    <p class='ocr_par' dir='ltr' id='par_1_5' title="bbox 326 725 1286 772">
     <span class='ocr_line' id='line_1_9' title="bbox 326 725 1286 772; baseline -0.006 -8"><span class='ocrx_word' id='word_1_52' title='bbox 326 732 448 772; x_wconf 64' lang='lat' dir='ltr'><strong>Regna</strong></span> <span class='ocrx_word' id='word_1_53' title='bbox 474 730 700 763; x_wconf 77' lang='lat' dir='ltr'><strong>Liburnorum</strong></span> <span class='ocrx_word' id='word_1_54' title='bbox 727 735 760 761; x_wconf 79' lang='lat' dir='ltr'><strong>et</strong></span> <span class='ocrx_word' id='word_1_55' title='bbox 785 728 914 761; x_wconf 74' lang='lat' dir='ltr'><strong>sontem</strong></span> <span class='ocrx_word' id='word_1_56' title='bbox 940 738 1104 770; x_wconf 82' lang='lat' dir='ltr'><strong>superare</strong></span> <span class='ocrx_word' id='word_1_57' title='bbox 1129 725 1286 759; x_wconf 75' lang='lat' dir='ltr'><strong>Timavi:</strong></span> 
     </span>
    </p>
   </div>
   <div class='ocr_carea' id='block_1_3' title="bbox 328 781 1376 883">
    <p class='ocr_par' dir='ltr' id='par_1_6' title="bbox 328 781 1376 883">
     <span class='ocr_line' id='line_1_10' title="bbox 329 781 1310 828; baseline -0.005 -9"><span class='ocrx_word' id='word_1_58' title='bbox 329 787 424 820; x_wconf 69' lang='lat' dir='ltr'><strong>Unde</strong></span> <span class='ocrx_word' id='word_1_59' title='bbox 450 797 510 828; x_wconf 79' lang='lat' dir='ltr'><strong>per</strong></span> <span class='ocrx_word' id='word_1_60' title='bbox 534 796 593 818; x_wconf 86' lang='lat' dir='ltr'><strong>ora</strong></span> <span class='ocrx_word' id='word_1_61' title='bbox 621 796 741 817; x_wconf 82' lang='lat' dir='ltr'><strong>novem</strong></span> <span class='ocrx_word' id='word_1_62' title='bbox 769 789 864 817; x_wconf 76' lang='lat' dir='ltr'><strong>vasto</strong></span> <span class='ocrx_word' id='word_1_63' title='bbox 889 795 963 816; x_wconf 87' lang='lat' dir='ltr'><strong>cum</strong></span> <span class='ocrx_word' id='word_1_64' title='bbox 991 793 1162 816; x_wconf 85' lang='lat' dir='ltr'><strong>murmure</strong></span> <span class='ocrx_word' id='word_1_65' title='bbox 1188 781 1310 815; x_wconf 85' lang='lat' dir='ltr'><strong>montis</strong></span> 
     </span>
     <span class='ocr_line' id='line_1_11' title="bbox 328 838 1376 883; baseline -0.004 -9"><span class='ocrx_word' id='word_1_66' title='bbox 328 843 356 874; x_wconf 85' lang='lat' dir='ltr'><strong>lt</strong></span> <span class='ocrx_word' id='word_1_67' title='bbox 389 852 481 873; x_wconf 83' lang='lat' dir='ltr'><strong>mare</strong></span> <span class='ocrx_word' id='word_1_68' title='bbox 506 847 727 883; x_wconf 74' lang='lat' dir='ltr'><strong>proruptum,</strong></span> <span class='ocrx_word' id='word_1_69' title='bbox 766 846 799 873; x_wconf 86' lang='lat' dir='ltr'><strong>et</strong></span> <span class='ocrx_word' id='word_1_70' title='bbox 826 841 946 883; x_wconf 75' lang='lat' dir='ltr'><strong>pelago</strong></span> <span class='ocrx_word' id='word_1_71' title='bbox 975 839 1097 883; x_wconf 81' lang='lat' dir='ltr'>premit</span> <span class='ocrx_word' id='word_1_72' title='bbox 1123 850 1204 872; x_wconf 80' lang='lat' dir='ltr'><strong>arva</strong></span> <span class='ocrx_word' id='word_1_73' title='bbox 1228 838 1376 872; x_wconf 85' lang='lat' dir='ltr'><strong>sonanti.</strong></span> 
     </span>
    </p>
   </div>
   <div class='ocr_carea' id='block_1_4' title="bbox 192 918 1387 2313">
    <p class='ocr_par' dir='ltr' id='par_1_7' title="bbox 192 918 1387 2313">
     <span class='ocr_line' id='line_1_12' title="bbox 192 918 1377 970; baseline -0.004 -10"><span class='ocrx_word' id='word_1_74' title='bbox 192 924 328 961; x_wconf 67' lang='lat' dir='ltr'><strong>Saxa</strong></span> <span class='ocrx_word' id='word_1_75' title='bbox 367 922 537 959; x_wconf 74' lang='lat' dir='ltr'><strong>Timavi</strong></span> <span class='ocrx_word' id='word_1_76' title='bbox 569 927 680 966; x_wconf 85' lang='lat' dir='ltr'><strong>sunt,</strong></span> <span class='ocrx_word' id='word_1_77' title='bbox 723 920 784 970; x_wconf 87' lang='lat' dir='ltr'><strong>qui</strong></span> <span class='ocrx_word' id='word_1_78' title='bbox 815 921 885 957; x_wconf 76' lang='lat' dir='ltr'><strong>lioc</strong></span> <span class='ocrx_word' id='word_1_79' title='bbox 916 921 951 957; x_wconf 85' lang='lat' dir='ltr'><strong>in</strong></span> <span class='ocrx_word' id='word_1_80' title='bbox 983 919 1065 957; x_wconf 89' lang='lat' dir='ltr'><strong>loco</strong></span> <span class='ocrx_word' id='word_1_81' title='bbox 1096 919 1182 956; x_wconf 83' lang='lat' dir='ltr'><strong>fons</strong></span> <span class='ocrx_word' id='word_1_82' title='bbox 1213 918 1377 965; x_wconf 76' lang='lat' dir='ltr'><strong>Timavi,</strong></span> 
     </span>
     <span class='ocr_line' id='line_1_13' title="bbox 194 985 1378 1039; baseline -0.003 -13"><span class='ocrx_word' id='word_1_83' title='bbox 194 992 255 1039; x_wconf 90' lang='lat' dir='ltr'><strong>qui</strong></span> <span class='ocrx_word' id='word_1_84' title='bbox 301 1003 348 1027; x_wconf 90' lang='lat' dir='ltr'><strong>ex</strong></span> <span class='ocrx_word' id='word_1_85' title='bbox 388 1002 518 1027; x_wconf 79' lang='lat' dir='ltr'><strong>novem</strong></span> <span class='ocrx_word' id='word_1_86' title='bbox 556 988 726 1026; x_wconf 73' lang='lat' dir='ltr'><strong>faucibus</strong></span> <span class='ocrx_word' id='word_1_87' title='bbox 764 987 900 1024; x_wconf 84' lang='lat' dir='ltr'><strong>montis</strong></span> <span class='ocrx_word' id='word_1_88' title='bbox 937 1000 979 1024; x_wconf 87' lang='lat' dir='ltr'><strong>se</strong></span> <span class='ocrx_word' id='word_1_89' title='bbox 1017 986 1187 1037; x_wconf 80' lang='lat' dir='ltr'><strong>projicit,</strong></span> <span class='ocrx_word' id='word_1_90' title='bbox 1237 993 1294 1030; x_wconf 85' lang='lat' dir='ltr'><strong>et,</strong></span> <span class='ocrx_word' id='word_1_91' title='bbox 1340 985 1378 1022; x_wconf 89' lang='lat' dir='ltr'><strong>in</strong></span> 
     </span>
     <span class='ocr_line' id='line_1_14' title="bbox 194 1051 1380 1106; baseline -0.005 -12"><span class='ocrx_word' id='word_1_92' title='bbox 194 1071 303 1094; x_wconf 87' lang='lat' dir='ltr'><strong>unum</strong></span> <span class='ocrx_word' id='word_1_93' title='bbox 344 1058 405 1095; x_wconf 87' lang='lat' dir='ltr'><strong>vix</strong></span> <span class='ocrx_word' id='word_1_94' title='bbox 447 1057 544 1093; x_wconf 89' lang='lat' dir='ltr'><strong>mille</strong></span> <span class='ocrx_word' id='word_1_95' title='bbox 584 1069 756 1106; x_wconf 75' lang='lat' dir='ltr'>passuum</span> <span class='ocrx_word' id='word_1_96' title='bbox 795 1055 1030 1106; x_wconf 78' lang='lat' dir='ltr'><strong>longitudine</strong></span> <span class='ocrx_word' id='word_1_97' title='bbox 1069 1059 1281 1103; x_wconf 82' lang='lat' dir='ltr'><strong>porrectum</strong></span> <span class='ocrx_word' id='word_1_98' title='bbox 1311 1051 1380 1089; x_wconf 89' lang='lat' dir='ltr'><strong>flu-</strong></span> 
     </span>
     <span class='ocr_line' id='line_1_15' title="bbox 193 1119 1379 1174; baseline -0.004 -13"><span class='ocrx_word' id='word_1_99' title='bbox 193 1138 275 1162; x_wconf 86' lang='lat' dir='ltr'><strong>men</strong></span> <span class='ocrx_word' id='word_1_100' title='bbox 313 1124 558 1174; x_wconf 86' lang='lat' dir='ltr'><strong>conjunctus‚</strong></span> <span class='ocrx_word' id='word_1_101' title='bbox 606 1121 798 1172; x_wconf 79' lang='lat' dir='ltr'><strong>(quoniam</strong></span> <span class='ocrx_word' id='word_1_102' title='bbox 839 1122 873 1157; x_wconf 91' lang='lat' dir='ltr'><strong>in</strong></span> <span class='ocrx_word' id='word_1_103' title='bbox 914 1121 1094 1158; x_wconf 88' lang='lat' dir='ltr'><strong>interiore</strong></span> <span class='ocrx_word' id='word_1_104' title='bbox 1125 1119 1215 1156; x_wconf 84' lang='lat' dir='ltr'><strong>mari</strong></span> <span class='ocrx_word' id='word_1_105' title='bbox 1247 1119 1379 1156; x_wconf 82' lang='lat' dir='ltr'><strong>Adria·</strong></span> 
     </span>
     <span class='ocr_line' id='line_1_16' title="bbox 195 1188 1382 1242; baseline -0.005 -13"><span class='ocrx_word' id='word_1_106' title='bbox 195 1191 290 1237; x_wconf 78' lang='lat' dir='ltr'><strong>tico,</strong></span> <span class='ocrx_word' id='word_1_107' title='bbox 321 1191 419 1242; x_wconf 89' lang='lat' dir='ltr'><strong>quod</strong></span> <span class='ocrx_word' id='word_1_108' title='bbox 458 1191 510 1229; x_wconf 83' lang='lat' dir='ltr'><strong>ait</strong></span> <span class='ocrx_word' id='word_1_109' title='bbox 548 1190 778 1227; x_wconf 72' lang='lat' dir='ltr'><strong>Claudianus</strong></span> <span class='ocrx_word' id='word_1_110' title='bbox 819 1188 1000 1234; x_wconf 64' lang='lat' dir='ltr'><strong>xxxin,</strong></span> <span class='ocrx_word' id='word_1_111' title='bbox 1046 1192 1149 1233; x_wconf 82' lang='lat'>496,</span> <span class='ocrx_word' id='word_1_112' title='bbox 1193 1200 1312 1237; x_wconf 84' lang='lat' dir='ltr'><strong>aquae</strong></span> <span class='ocrx_word' id='word_1_113' title='bbox 1344 1191 1382 1224; x_wconf 87' lang='lat' dir='ltr'><strong>et</strong></span> 
     </span>
     <span class='ocr_line' id='line_1_17' title="bbox 194 1253 1380 1307; baseline -0.005 -10"><span class='ocrx_word' id='word_1_114' title='bbox 194 1259 378 1297; x_wconf 85' lang='lat' dir='ltr'><strong>accedunt</strong></span> <span class='ocrx_word' id='word_1_115' title='bbox 409 1263 448 1296; x_wconf 89' lang='lat' dir='ltr'><strong>et</strong></span> <span class='ocrx_word' id='word_1_116' title='bbox 486 1258 685 1307; x_wconf 82' lang='lat' dir='ltr'><strong>recedunt)</strong></span> <span class='ocrx_word' id='word_1_117' title='bbox 719 1256 830 1293; x_wconf 86' lang='lat' dir='ltr'><strong>maris</strong></span> <span class='ocrx_word' id='word_1_118' title='bbox 862 1260 1106 1293; x_wconf 85' lang='lat' dir='ltr'><strong>occurrentes</strong></span> <span class='ocrx_word' id='word_1_119' title='bbox 1137 1253 1270 1292; x_wconf 81' lang='lat' dir='ltr'><strong>fluctus</strong></span> <span class='ocrx_word' id='word_1_120' title='bbox 1301 1267 1380 1291; x_wconf 88' lang='lat' dir='ltr'><strong>cum</strong></span> 
     </span>
     <span class='ocr_line' id='line_1_18' title="bbox 196 1320 1385 1377; baseline -0.003 -14"><span class='ocrx_word' id='word_1_121' title='bbox 196 1327 332 1377; x_wconf 86' lang='lat' dir='ltr'><strong>impetu</strong></span> <span class='ocrx_word' id='word_1_122' title='bbox 370 1325 534 1377; x_wconf 79' lang='lat' dir='ltr'><strong>frangit,</strong></span> <span class='ocrx_word' id='word_1_123' title='bbox 576 1329 616 1361; x_wconf 86' lang='lat' dir='ltr'><strong>ut</strong></span> <span class='ocrx_word' id='word_1_124' title='bbox 646 1329 774 1362; x_wconf 87' lang='lat' dir='ltr'><strong>aestus</strong></span> <span class='ocrx_word' id='word_1_125' title='bbox 806 1323 916 1360; x_wconf 88' lang='lat' dir='ltr'><strong>litore</strong></span> <span class='ocrx_word' id='word_1_126' title='bbox 949 1329 1059 1360; x_wconf 87' lang='lat' dir='ltr'><strong>tenus</strong></span> <span class='ocrx_word' id='word_1_127' title='bbox 1089 1321 1273 1360; x_wconf 75' lang='lat' dir='ltr'><strong>ferveant.</strong></span> <span class='ocrx_word' id='word_1_128' title='bbox 1334 1320 1385 1359; x_wconf 77' lang='lat' dir='ltr'><strong>Ic</strong></span> 
     </span>
     <span class='ocr_line' id='line_1_19' title="bbox 193 1388 1383 1443; baseline -0.003 -13"><span class='ocrx_word' id='word_1_129' title='bbox 193 1401 484 1443; x_wconf 67' lang='lat' dir='ltr'><strong>promptum,</strong></span> <span class='ocrx_word' id='word_1_130' title='bbox 531 1392 835 1442; x_wconf 81' lang='lat' dir='ltr'><strong>quemadmodum</strong></span> <span class='ocrx_word' id='word_1_131' title='bbox 875 1390 1054 1427; x_wconf 82' lang='lat' dir='ltr'><strong>Horatius</strong></span> <span class='ocrx_word' id='word_1_132' title='bbox 1091 1390 1137 1427; x_wconf 86' lang='lat' dir='ltr'><strong>de</strong></span> <span class='ocrx_word' id='word_1_133' title='bbox 1168 1388 1303 1426; x_wconf 82' lang='lat' dir='ltr'>Tiberi</span> <span class='ocrx_word' id='word_1_134' title='bbox 1333 1389 1383 1426; x_wconf 89' lang='lat' dir='ltr'><strong>ri-</strong></span> 
     </span>
     <span class='ocr_line' id='line_1_20' title="bbox 196 1455 1384 1511; baseline -0.005 -13"><span class='ocrx_word' id='word_1_135' title='bbox 196 1474 264 1511; x_wconf 80' lang='lat' dir='ltr'><strong>pas</strong></span> <span class='ocrx_word' id='word_1_136' title='bbox 301 1461 530 1503; x_wconf 75' lang='lat' dir='ltr'><strong>excedente,</strong></span> <span class='ocrx_word' id='word_1_137' title='bbox 578 1463 617 1496; x_wconf 68' lang='lat' dir='ltr'><strong>it</strong></span> <span class='ocrx_word' id='word_1_138' title='bbox 654 1460 890 1505; x_wconf 77' lang='lat' dir='ltr'><strong>dejectum.-</strong></span> <span class='ocrx_word' id='word_1_139' title='bbox 951 1471 1047 1508; x_wconf 84' lang='lat' dir='ltr'><strong>quae</strong></span> <span class='ocrx_word' id='word_1_140' title='bbox 1077 1456 1255 1507; x_wconf 85' lang='lat' dir='ltr'><strong>frequens</strong></span> <span class='ocrx_word' id='word_1_141' title='bbox 1286 1455 1384 1506; x_wconf 84' lang='lat' dir='ltr'><strong>apud</strong></span> 
     </span>
     <span class='ocr_line' id='line_1_21' title="bbox 197 1524 1382 1575; baseline -0.004 -11"><span class='ocrx_word' id='word_1_142' title='bbox 197 1528 370 1564; x_wconf 86' lang='lat' dir='ltr'><strong>Plautum</strong></span> <span class='ocrx_word' id='word_1_143' title='bbox 402 1532 459 1564; x_wconf 83' lang='lat' dir='ltr'><strong>est</strong></span> <span class='ocrx_word' id='word_1_144' title='bbox 490 1526 686 1564; x_wconf 83' lang='lat' dir='ltr'><strong>verborum</strong></span> <span class='ocrx_word' id='word_1_145' title='bbox 719 1524 959 1575; x_wconf 79' lang='lat' dir='ltr'><strong>compositio3</strong></span> <span class='ocrx_word' id='word_1_146' title='bbox 993 1537 1287 1573; x_wconf 74' lang='lat' dir='ltr'><strong>prorumpere</strong></span> <span class='ocrx_word' id='word_1_147' title='bbox 1318 1536 1382 1573; x_wconf 85' lang='lat' dir='ltr'><strong>po·</strong></span> 
     </span>
     <span class='ocr_line' id='line_1_22' title="bbox 198 1591 1384 1636; baseline -0.003 -5"><span class='ocrx_word' id='word_1_148' title='bbox 198 1598 334 1632; x_wconf 82' lang='lat' dir='ltr'><strong>testate</strong></span> <span class='ocrx_word' id='word_1_149' title='bbox 365 1594 488 1630; x_wconf 86' lang='lat' dir='ltr'><strong>activa</strong></span> <span class='ocrx_word' id='word_1_150' title='bbox 518 1593 588 1629; x_wconf 68' lang='lat' dir='ltr'><strong>th.</strong></span> <span class='ocrx_word' id='word_1_151' title='bbox 621 1593 648 1636; x_wconf 85' lang='lat' dir='ltr'><strong>l,</strong></span> <span class='ocrx_word' id='word_1_152' title='bbox 681 1597 747 1630; x_wconf 74' lang='lat'><strong>98.</strong></span> <span class='ocrx_word' id='word_1_153' title='bbox 810 1591 1144 1629; x_wconf 75' lang='lat' dir='ltr'><strong>Exaestuationem</strong></span> <span class='ocrx_word' id='word_1_154' title='bbox 1176 1591 1283 1627; x_wconf 75' lang='lat' dir='ltr'><strong>istam</strong></span> <span class='ocrx_word' id='word_1_155' title='bbox 1309 1603 1384 1628; x_wconf 79' lang='lat' dir='ltr'><strong>ma-</strong></span> 
     </span>
     <span class='ocr_line' id='line_1_23' title="bbox 197 1657 1383 1708; baseline -0.004 -9"><span class='ocrx_word' id='word_1_156' title='bbox 197 1662 314 1699; x_wconf 86' lang='lat' dir='ltr'><strong>rinam</strong></span> <span class='ocrx_word' id='word_1_157' title='bbox 357 1666 517 1698; x_wconf 86' lang='lat' dir='ltr'><strong>testatur</strong></span> <span class='ocrx_word' id='word_1_158' title='bbox 554 1659 741 1696; x_wconf 71' lang='lat' dir='ltr'>Martialis</span> <span class='ocrx_word' id='word_1_159' title='bbox 771 1658 882 1703; x_wconf 79' lang='lat' dir='ltr'><strong>xm,</strong></span> <span class='ocrx_word' id='word_1_160' title='bbox 922 1664 995 1704; x_wconf 76' lang='lat'><strong>89,</strong></span> <span class='ocrx_word' id='word_1_161' title='bbox 1036 1671 1146 1708; x_wconf 87' lang='lat' dir='ltr'>quum</span> <span class='ocrx_word' id='word_1_162' title='bbox 1178 1664 1307 1707; x_wconf 78' lang='lat' dir='ltr'><strong>pastos</strong></span> <span class='ocrx_word' id='word_1_163' title='bbox 1336 1657 1383 1694; x_wconf 80' lang='lat' dir='ltr'><strong>ad</strong></span> 
     </span>
     <span class='ocr_line' id='line_1_24' title="bbox 197 1723 1385 1775; baseline -0.004 -10"><span class='ocrx_word' id='word_1_164' title='bbox 197 1741 266 1766; x_wconf 85' lang='lat' dir='ltr'><strong>ora</strong></span> <span class='ocrx_word' id='word_1_165' title='bbox 303 1727 475 1773; x_wconf 80' lang='lat' dir='ltr'><strong>Timavi,</strong></span> <span class='ocrx_word' id='word_1_166' title='bbox 526 1727 708 1764; x_wconf 85' lang='lat' dir='ltr'><strong>salsarum</strong></span> <span class='ocrx_word' id='word_1_167' title='bbox 748 1731 785 1763; x_wconf 89' lang='lat' dir='ltr'><strong>et</strong></span> <span class='ocrx_word' id='word_1_168' title='bbox 824 1725 984 1762; x_wconf 84' lang='lat' dir='ltr'>dulcium</span> <span class='ocrx_word' id='word_1_169' title='bbox 1023 1737 1202 1775; x_wconf 86' lang='lat' dir='ltr'><strong>aquarum</strong></span> <span class='ocrx_word' id='word_1_170' title='bbox 1240 1723 1276 1761; x_wconf 93' lang='lat' dir='ltr'><strong>in</strong></span> <span class='ocrx_word' id='word_1_171' title='bbox 1322 1737 1385 1761; x_wconf 82' lang='lat' dir='ltr'><strong>ae-</strong></span> 
     </span>
     <span class='ocr_line' id='line_1_25' title="bbox 197 1790 1387 1845; baseline -0.004 -13"><span class='ocrx_word' id='word_1_172' title='bbox 197 1795 355 1841; x_wconf 82' lang='lat' dir='ltr'><strong>stuario,</strong></span> <span class='ocrx_word' id='word_1_173' title='bbox 387 1795 494 1845; x_wconf 74' lang='lat' dir='ltr'><strong>lupos</strong></span> <span class='ocrx_word' id='word_1_174' title='bbox 526 1794 813 1831; x_wconf 85' lang='lat' dir='ltr'><strong>delicatissimos</strong></span> <span class='ocrx_word' id='word_1_175' title='bbox 844 1805 928 1830; x_wconf 84' lang='lat' dir='ltr'><strong>esse</strong></span> <span class='ocrx_word' id='word_1_176' title='bbox 959 1793 1140 1829; x_wconf 78' lang='lat' dir='ltr'><strong>declarat.</strong></span> <span class='ocrx_word' id='word_1_177' title='bbox 1201 1790 1387 1828; x_wconf 74' lang='lat' dir='ltr'><strong>Interiora</strong></span> 
     </span>
     <span class='ocr_line' id='line_1_26' title="bbox 199 1858 1387 1911; baseline -0.004 -11"><span class='ocrx_word' id='word_1_178' title='bbox 199 1863 312 1900; x_wconf 85' lang='lat' dir='ltr'><strong>maris</strong></span> <span class='ocrx_word' id='word_1_179' title='bbox 355 1861 537 1899; x_wconf 83' lang='lat' dir='ltr'><strong>Adriatici</strong></span> <span class='ocrx_word' id='word_1_180' title='bbox 575 1874 684 1911; x_wconf 79' lang='lat' dir='ltr'>quum</span> <span class='ocrx_word' id='word_1_181' title='bbox 716 1861 869 1911; x_wconf 84' lang='lat' dir='ltr'><strong>primum</strong></span> <span class='ocrx_word' id='word_1_182' title='bbox 900 1873 922 1896; x_wconf 91' lang='lat' dir='ltr'><strong>a</strong></span> <span class='ocrx_word' id='word_1_183' title='bbox 948 1858 1254 1896; x_wconf 76' lang='lat' dir='ltr'><strong>Phocaeensibus</strong></span> <span class='ocrx_word' id='word_1_184' title='bbox 1284 1858 1387 1896; x_wconf 77' lang='lat' dir='ltr'><strong>inve·</strong></span> 
     </span>
     <span class='ocr_line' id='line_1_27' title="bbox 200 1928 1386 1982; baseline -0.005 -15"><span class='ocrx_word' id='word_1_185' title='bbox 200 1930 343 1982; x_wconf 83' lang='lat' dir='ltr'><strong>stigata</strong></span> <span class='ocrx_word' id='word_1_186' title='bbox 366 1934 506 1973; x_wconf 82' lang='lat' dir='ltr'><strong>essent,</strong></span> <span class='ocrx_word' id='word_1_187' title='bbox 538 1934 579 1964; x_wconf 91' lang='lat' dir='ltr'><strong>ut</strong></span> <span class='ocrx_word' id='word_1_188' title='bbox 611 1928 716 1966; x_wconf 69' lang='lat' dir='ltr'><strong>novis</strong></span> <span class='ocrx_word' id='word_1_189' title='bbox 749 1934 942 1965; x_wconf 87' lang='lat' dir='ltr'><strong>nautarum</strong></span> <span class='ocrx_word' id='word_1_190' title='bbox 975 1939 1125 1964; x_wconf 87' lang='lat' dir='ltr'><strong>errores</strong></span> <span class='ocrx_word' id='word_1_191' title='bbox 1156 1928 1386 1962; x_wconf 74' lang='lat' dir='ltr'><strong>exornarent</strong></span> 
     </span>
     <span class='ocr_line' id='line_1_28' title="bbox 201 1992 1384 2048; baseline -0.006 -14"><span class='ocrx_word' id='word_1_192' title='bbox 201 1996 406 2048; x_wconf 82' lang='lat' dir='ltr'><strong>prodigiis,</strong></span> <span class='ocrx_word' id='word_1_193' title='bbox 439 2000 572 2046; x_wconf 64' lang='lat' dir='ltr'><strong>poetae</strong></span> <span class='ocrx_word' id='word_1_194' title='bbox 604 1994 779 2032; x_wconf 68' lang='lat' dir='ltr'><strong>aemulati</strong></span> <span class='ocrx_word' id='word_1_195' title='bbox 811 2000 898 2030; x_wconf 86' lang='lat' dir='ltr'><strong>sunt</strong></span> <span class='ocrx_word' id='word_1_196' title='bbox 930 1995 1023 2044; x_wconf 78' lang='lat' dir='ltr'><strong>Epp.</strong></span> <span class='ocrx_word' id='word_1_197' title='bbox 1054 1993 1173 2042; x_wconf 73' lang='lat' dir='ltr'><strong>Myth.</strong></span> <span class='ocrx_word' id='word_1_198' title='bbox 1204 1992 1231 2038; x_wconf 86' lang='lat' dir='ltr'><strong>I,</strong></span> <span class='ocrx_word' id='word_1_199' title='bbox 1269 1997 1317 2030; x_wconf 80' lang='lat'><strong>15</strong></span> <span class='ocrx_word' id='word_1_200' title='bbox 1349 2005 1384 2041; x_wconf 79' lang='lat' dir='ltr'><strong>p.</strong></span> 
     </span>
     <span class='ocr_line' id='line_1_29' title="bbox 203 2058 1385 2104; baseline -0.006 -1"><span class='ocrx_word' id='word_1_201' title='bbox 203 2068 270 2103; x_wconf 84' lang='lat'><strong>89.</strong></span> <span class='ocrx_word' id='word_1_202' title='bbox 341 2064 399 2100; x_wconf 82' lang='lat' dir='ltr'><strong>Ex</strong></span> <span class='ocrx_word' id='word_1_203' title='bbox 445 2062 657 2099; x_wconf 86' lang='lat' dir='ltr'><strong>eorumdem</strong></span> <span class='ocrx_word' id='word_1_204' title='bbox 701 2075 774 2098; x_wconf 90' lang='lat' dir='ltr'><strong>uno</strong></span> <span class='ocrx_word' id='word_1_205' title='bbox 818 2061 1004 2098; x_wconf 78' lang='lat' dir='ltr'><strong>Martialis</strong></span> <span class='ocrx_word' id='word_1_206' title='bbox 1050 2059 1165 2097; x_wconf 79' lang='lat' dir='ltr'><strong>refert</strong></span> <span class='ocrx_word' id='word_1_207' title='bbox 1204 2058 1271 2102; x_wconf 72' lang='lat' dir='ltr'><strong>lv,</strong></span> <span class='ocrx_word' id='word_1_208' title='bbox 1319 2061 1385 2104; x_wconf 80' lang='lat'><strong>25,</strong></span> 
     </span>
     <span class='ocr_line' id='line_1_30' title="bbox 202 2124 1386 2179; baseline -0.006 -12"><span class='ocrx_word' id='word_1_209' title='bbox 202 2132 397 2168; x_wconf 78' lang='lat' dir='ltr'><strong>Castorem</strong></span> <span class='ocrx_word' id='word_1_210' title='bbox 437 2142 584 2179; x_wconf 81' lang='lat' dir='ltr'><strong>quoque</strong></span> <span class='ocrx_word' id='word_1_211' title='bbox 622 2141 704 2165; x_wconf 84' lang='lat' dir='ltr'><strong>cum</strong></span> <span class='ocrx_word' id='word_1_212' title='bbox 737 2128 969 2179; x_wconf 71' lang='lat' dir='ltr'><strong>Argonautis</strong></span> <span class='ocrx_word' id='word_1_213' title='bbox 999 2140 1044 2164; x_wconf 88' lang='lat' dir='ltr'><strong>eo</strong></span> <span class='ocrx_word' id='word_1_214' title='bbox 1074 2125 1242 2169; x_wconf 75' lang='lat' dir='ltr'><strong>venisse,</strong></span> <span class='ocrx_word' id='word_1_215' title='bbox 1280 2124 1386 2175; x_wconf 74' lang='lat' dir='ltr'><strong>quun</strong></span> 
     </span>
     <span class='ocr_line' id='line_1_31' title="bbox 202 2191 1384 2247; baseline -0.005 -13"><span class='ocrx_word' id='word_1_216' title='bbox 202 2210 335 2247; x_wconf 85' lang='lat' dir='ltr'><strong>equum</strong></span> <span class='ocrx_word' id='word_1_217' title='bbox 385 2196 573 2245; x_wconf 67' lang='lat' dir='ltr'><strong>Cyllarum</strong></span> <span class='ocrx_word' id='word_1_218' title='bbox 619 2202 797 2246; x_wconf 76' lang='lat' dir='ltr'><strong>septenas</strong></span> <span class='ocrx_word' id='word_1_219' title='bbox 845 2207 961 2244; x_wconf 80' lang='lat' dir='ltr'><strong>aquas</strong></span> <span class='ocrx_word' id='word_1_220' title='bbox 1005 2192 1156 2230; x_wconf 75' lang='lat' dir='ltr'><strong>Timavi</strong></span> <span class='ocrx_word' id='word_1_221' title='bbox 1201 2191 1384 2229; x_wconf 81' lang='lat' dir='ltr'><strong>hausisse.</strong></span> 
     </span>
     <span class='ocr_line' id='line_1_32' title="bbox 204 2256 1385 2313; baseline -0.003 -14"><span class='ocrx_word' id='word_1_222' title='bbox 204 2264 337 2302; x_wconf 68' lang='lat' dir='ltr'><strong>Varius</strong></span> <span class='ocrx_word' id='word_1_223' title='bbox 367 2262 526 2300; x_wconf 85' lang='lat' dir='ltr'><strong>fontium</strong></span> <span class='ocrx_word' id='word_1_224' title='bbox 558 2276 732 2300; x_wconf 75' lang='lat' dir='ltr'><strong>numerus</strong></span> <span class='ocrx_word' id='word_1_225' title='bbox 761 2262 946 2313; x_wconf 83' lang='lat' dir='ltr'><strong>originem</strong></span> <span class='ocrx_word' id='word_1_226' title='bbox 977 2274 1026 2297; x_wconf 79' lang='lat' dir='ltr'><strong>ex</strong></span> <span class='ocrx_word' id='word_1_227' title='bbox 1050 2258 1306 2298; x_wconf 74' lang='lat' dir='ltr'><strong>inconstantia</strong></span> <span class='ocrx_word' id='word_1_228' title='bbox 1329 2256 1385 2296; x_wconf 79' lang='lat' dir='ltr'><strong>fa·</strong></span> 
     </span>
    </p>
   </div>
  </div>
 </body>
</html>
