1472 2620
426 141 626 179 ECLOGA
657 141 724 186 vl,
770 145 901 178 6—8.
1194 147 1243 185 ss

87 254 230 291 demum
255 253 491 291 DCCLXlll.
517 265 596 290 cum
620 252 737 289 tribus
761 252 970 304 legionibus
991 252 1027 289 in
1054 252 1250 290 Germania

88 320 210 372 periit,
239 320 363 371 itaque
392 321 454 359 vix
484 333 581 358 anno
604 319 785 356 Dccxv.
813 320 910 357 ultra
940 320 1095 357 otiosam
1119 320 1250 371 juven-

88 393 202 426 tutem
233 394 356 427 aetate
380 387 604 439 processisse
626 392 788 437 poterat:
821 387 945 436 quidni
976 388 1027 425 illi
1057 400 1135 425 cum
1156 387 1250 425 cele-

89 455 146 493 bri
175 457 277 494 lCto.
331 456 380 494 P.
409 456 570 502 Affeuo
610 454 739 499 Varo,
777 454 838 503 qui
869 468 965 492 anno
996 455 1174 493 Dccffl'.
1205 455 1251 493 ad

91 523 298 561 consularis
343 523 534 576 dignitatis
578 522 731 573 gradum
777 521 985 566 adscendit,
1045 536 1125 559 eum
1172 536 1252 573 per-

91 590 325 628 miscuerint?
397 592 507 628 Certe
544 590 579 627 id
619 603 641 627 a
679 601 778 625 more
809 588 1054 625 Grammatico
1094 602 1163 625 non
1202 591 1254 626 ita

90 658 326 705 abhorreret,
358 658 427 695 nisi
445 657 597 695 Servius
628 656 691 702 lX,
726 662 788 694 10.
820 669 867 692 ex
897 655 1165 705 antiquioribus
1196 656 1254 694 vel

92 725 303 762 nominatim
333 726 535 763 orationem
561 723 736 770 Cornelii,
766 723 929 760 Cornelii
950 723 1046 760 Galli
1076 723 1127 760 uti
1156 723 1256 762 vide-

92 797 164 839 tur,
194 792 230 830 in
262 792 468 841 Affeuum
497 793 682 836 laudaret,
720 792 755 828 in
793 803 864 840 qua
900 791 958 827 liic
993 791 1038 827 ad
1070 792 1256 828 Mantuam

91 860 264 897 mandata
306 874 374 898 sua
421 861 602 911 migrasse
647 858 885 909 arguebatur.
958 859 990 895 A
1034 863 1105 895 tam
1151 860 1258 911 gravi

93 926 304 964 testimonio
345 940 411 977 pro
448 926 581 964 Alfeno
619 926 716 963 Varo
762 925 852 962 levis
897 924 1072 972 facultas,
1119 939 1191 976 qua
1227 927 1259 964 is

93 994 201 1031 Atius
247 993 377 1039 fuerit,
431 998 611 1030 momento
658 993 770 1044 longe
817 994 1143 1043 praeponderatur.
1212 995 1261 1031 At

94 1061 176 1112 quis
204 1060 275 1098 fuit
304 1061 462 1112 denique
492 1061 548 1098 hic
569 1060 759 1107 Alfenus
794 1062 958 1101 Varus?
1015 1061 1070 1097 Ad
1102 1061 1260 1111 speeiem

94 1129 237 1180 quidem
274 1127 484 1179 praefectus
531 1128 679 1165 militum
717 1127 802 1173 suit,
849 1128 929 1178 qui,
974 1129 1069 1178 quod
1107 1129 1142 1166 in
1179 1129 1261 1165 aliis

94 1195 239 1247 quoque
269 1196 348 1248 ejus
378 1196 554 1233 similibus
585 1196 713 1240 fiebat,
754 1196 884 1232 nullam
917 1195 1097 1247 insignem
1131 1195 1260 1233 tamam

95 1263 131 1301 in
161 1263 317 1301 historia
352 1264 528 1313 adeptus,
569 1268 760 1312 utrumque
792 1264 987 1299 Caesarem
1025 1263 1060 1300 in
1098 1263 1264 1301 victoriis

95 1330 330 1381 reportandis
360 1330 512 1380 adjuvit,
544 1335 580 1365 et
611 1329 646 1365 in
677 1329 779 1379 agris
802 1329 1020 1374 dividundis,
1052 1331 1147 1379 quod
1167 1343 1265 1366 man-

97 1398 219 1435 datum
263 1397 439 1443 habebat,
494 1401 643 1446 propter
687 1396 841 1446 virgilio
887 1396 1044 1433 habitum
1090 1398 1265 1434 honorem

96 1465 238 1502 honore
268 1469 325 1501 est
354 1463 489 1515 dignus
529 1463 693 1508 habitus,
734 1468 774 1499 ut
804 1463 850 1499 ad
881 1469 1052 1513 posteros
1083 1469 1264 1515 tamquam

97 1531 256 1581 eximiae
293 1531 350 1570 vir
385 1530 615 1568 fortitudinis
651 1530 872 1567 traderetur.
937 1531 1039 1567 Juris
1076 1531 1266 1568 consultus

99 1599 241 1650 quidem
280 1603 365 1650 post
399 1599 545 1636 celeber
580 1598 701 1635 factus
738 1598 786 1635 J’.
816 1597 1008 1644 Alfenus
1047 1597 1141 1648 (sive
1178 1597 1267 1635 Alli-

99 1665 199 1719 nius)
248 1665 406 1711 Varus,
447 1680 467 1703 e
505 1665 696 1716 disciplina
735 1665 854 1702 servii
893 1666 1066 1715 Sulpicii,
1113 1679 1267 1716 quocum

101 1739 245 1773 veteres
263 1733 498 1772 Grammatici
529 1734 672 1784 quidam
705 1733 828 1782 (Serv.
860 1733 923 1778 lx,
957 1736 1039 1783 35.)
1072 1746 1151 1770 eum
1181 1745 1269 1770 con-

101 1800 288 1847 fuderunt,
320 1801 382 1839 vix
408 1814 488 1838 esse
514 1800 693 1850 potuerit:
726 1813 831 1848 quum
859 1813 924 1836 nec
945 1806 1071 1836 nostro
1094 1800 1268 1837 bellicoso

103 1866 237 1905 Alfeno
262 1867 361 1904 Varo
392 1882 413 1905 a
442 1868 614 1904 laudante
645 1871 753 1916 pocta
777 1866 872 1917 juris
895 1867 1072 1904 scientiae
1098 1867 1268 1912 studium,

104 1947 223 1984 neque
260 1934 311 1971 illi
350 1934 480 1971 bellica
517 1934 594 1970 laus
630 1946 780 1983 usquam
817 1933 1016 1979 trihuatur3
1049 1934 1145 1985 juris
1183 1948 1272 1972 cou-

104 2002 238 2039 sultum
278 2014 385 2046 vero,
425 2000 493 2038 nisi
532 2001 706 2038 Horatius
737 2003 853 2038 Serm.
886 2002 920 2046 l,
964 2008 1005 2048 3,
1048 2008 1145 2047 130,
1192 2003 1272 2052 ejus

101 2073 207 2107 certe
243 2068 424 2119 interpres
464 2068 717 2119 injuventute
748 2070 1032 2106 Cremonensem
1071 2078 1271 2114 tonsorem,

105 2140 190 2183 aut,
241 2135 337 2186 quod
375 2135 438 2172 alii
475 2134 568 2172 falso
608 2136 830 2173 contendere
874 2138 1063 2183 videntur,
1109 2143 1270 2173 sutorem

106 2202 222 2241 fuisse
252 2202 451 2254 praedicet.
509 2202 563 2239 L.
605 2203 757 2241 Varum
787 2204 1002 2254 Epicureum
1034 2217 1139 2250 vero,
1179 2204 1272 2240 Cae-

108 2270 204 2308 saris
232 2269 384 2308 anticum
414 2269 448 2306 in
466 2269 683 2311 Quintiliani
716 2269 780 2314 Vl,
813 2278 854 2315 3,
887 2278 950 2310 78.
985 2286 1016 2321 p.
1037 2276 1127 2309 381.
1159 2269 1272 2315 (idem
