<?xml version="1.0" encoding="UTF-8"?>
<!DOCTYPE html PUBLIC "-//W3C//DTD XHTML 1.0 Transitional//EN"
    "http://www.w3.org/TR/xhtml1/DTD/xhtml1-transitional.dtd">
<html xmlns="http://www.w3.org/1999/xhtml" xml:lang="en" lang="en">
 <head>
  <title>
</title>
<meta http-equiv="Content-Type" content="text/html;charset=utf-8" />
  <meta name='ocr-system' content='tesseract 3.04.00' />
  <meta name='ocr-capabilities' content='ocr_page ocr_carea ocr_par ocr_line ocrx_word'/>
</head>
<body>
  <div class='ocr_page' id='page_1' title='image "./eclogaevix00virguoft_0134.png"; bbox 0 0 1515 2620; ppageno 0'>
   <div class='ocr_carea' id='block_1_1' title="bbox 208 142 1071 193">
    <p class='ocr_par' dir='ltr' id='par_1_1' title="bbox 208 142 1071 193">
     <span class='ocr_line' id='line_1_1' title="bbox 208 142 1071 193; baseline -0.007 -7"><span class='ocrx_word' id='word_1_1' title='bbox 208 153 294 193; x_wconf 80' lang='lat'><strong>¹28</strong></span> <span class='ocrx_word' id='word_1_2' title='bbox 526 142 733 182; x_wconf 68' lang='lat' dir='ltr'><strong>ECLoGA</strong></span> <span class='ocrx_word' id='word_1_3' title='bbox 762 142 860 188; x_wconf 85' lang='lat' dir='ltr'><strong>vm,</strong></span> <span class='ocrx_word' id='word_1_4' title='bbox 892 144 1071 182; x_wconf 82' lang='lat'><strong>52—56.</strong></span> 
     </span>
    </p>
   </div>
   <div class='ocr_carea' id='block_1_2' title="bbox 204 253 1401 1920">
    <p class='ocr_par' dir='ltr' id='par_1_2' title="bbox 204 253 1401 1588">
     <span class='ocr_line' id='line_1_2' title="bbox 206 253 1397 308; baseline -0.006 -9"><span class='ocrx_word' id='word_1_5' title='bbox 206 260 300 299; x_wconf 86' lang='lat' dir='ltr'><strong>ciam</strong></span> <span class='ocrx_word' id='word_1_6' title='bbox 331 260 489 308; x_wconf 84' lang='lat' dir='ltr'><strong>sequuta</strong></span> <span class='ocrx_word' id='word_1_7' title='bbox 518 255 588 301; x_wconf 85' lang='lat' dir='ltr'><strong>sit,</strong></span> <span class='ocrx_word' id='word_1_8' title='bbox 619 254 791 292; x_wconf 78' lang='lat' dir='ltr'><strong>Corinthi</strong></span> <span class='ocrx_word' id='word_1_9' title='bbox 823 257 946 292; x_wconf 87' lang='lat' dir='ltr'><strong>autem</strong></span> <span class='ocrx_word' id='word_1_10' title='bbox 977 257 1173 304; x_wconf 78' lang='lat' dir='ltr'><strong>postquam</strong></span> <span class='ocrx_word' id='word_1_11' title='bbox 1202 254 1308 307; x_wconf 84' lang='lat' dir='ltr'><strong>regis</strong></span> <span class='ocrx_word' id='word_1_12' title='bbox 1338 253 1397 292; x_wconf 86' lang='lat' dir='ltr'><strong>hic</strong></span> 
     </span>
     <span class='ocr_line' id='line_1_3' title="bbox 208 320 1400 374; baseline -0.005 -9"><span class='ocrx_word' id='word_1_13' title='bbox 208 325 384 365; x_wconf 76' lang='lat' dir='ltr'><strong>Creontis</strong></span> <span class='ocrx_word' id='word_1_14' title='bbox 414 323 525 360; x_wconf 85' lang='lat' dir='ltr'><strong>filiam</strong></span> <span class='ocrx_word' id='word_1_15' title='bbox 556 335 712 360; x_wconf 90' lang='lat' dir='ltr'><strong>uxorem</strong></span> <span class='ocrx_word' id='word_1_16' title='bbox 744 322 927 374; x_wconf 78' lang='lat' dir='ltr'><strong>elegerat,</strong></span> <span class='ocrx_word' id='word_1_17' title='bbox 959 321 1054 358; x_wconf 88' lang='lat' dir='ltr'><strong>duos</strong></span> <span class='ocrx_word' id='word_1_18' title='bbox 1085 333 1133 358; x_wconf 84' lang='lat' dir='ltr'><strong>ex</strong></span> <span class='ocrx_word' id='word_1_19' title='bbox 1162 320 1295 359; x_wconf 79' lang='lat' dir='ltr'><strong>lasone</strong></span> <span class='ocrx_word' id='word_1_20' title='bbox 1314 335 1400 372; x_wconf 86' lang='lat' dir='ltr'><strong>par-</strong></span> 
     </span>
     <span class='ocr_line' id='line_1_4' title="bbox 206 387 1399 433; baseline -0.004 -2"><span class='ocrx_word' id='word_1_21' title='bbox 206 399 266 432; x_wconf 89' lang='lat' dir='ltr'><strong>tos</strong></span> <span class='ocrx_word' id='word_1_22' title='bbox 296 392 394 429; x_wconf 86' lang='lat' dir='ltr'><strong>filios</strong></span> <span class='ocrx_word' id='word_1_23' title='bbox 424 390 568 428; x_wconf 86' lang='lat' dir='ltr'><strong>furiosa</strong></span> <span class='ocrx_word' id='word_1_24' title='bbox 598 389 849 427; x_wconf 81' lang='lat' dir='ltr'><strong>aemulatione</strong></span> <span class='ocrx_word' id='word_1_25' title='bbox 879 387 1135 433; x_wconf 84' lang='lat' dir='ltr'><strong>interfecerit,</strong></span> <span class='ocrx_word' id='word_1_26' title='bbox 1174 400 1286 424; x_wconf 90' lang='lat' dir='ltr'><strong>curru</strong></span> <span class='ocrx_word' id='word_1_27' title='bbox 1315 388 1399 426; x_wconf 80' lang='lat' dir='ltr'><strong>‹lra-</strong></span> 
     </span>
     <span class='ocr_line' id='line_1_5' title="bbox 207 453 1400 509; baseline -0.004 -12"><span class='ocrx_word' id='word_1_28' title='bbox 207 473 339 498; x_wconf 90' lang='lat' dir='ltr'><strong>conum</strong></span> <span class='ocrx_word' id='word_1_29' title='bbox 379 458 480 497; x_wconf 87' lang='lat' dir='ltr'><strong>alato</strong></span> <span class='ocrx_word' id='word_1_30' title='bbox 520 472 586 509; x_wconf 89' lang='lat' dir='ltr'><strong>per</strong></span> <span class='ocrx_word' id='word_1_31' title='bbox 616 462 740 495; x_wconf 71' lang='lat' dir='ltr'><strong>aerem</strong></span> <span class='ocrx_word' id='word_1_32' title='bbox 772 455 997 508; x_wconf 76' lang='lat' dir='ltr'><strong>aufugiens:</strong></span> <span class='ocrx_word' id='word_1_33' title='bbox 1044 468 1090 493; x_wconf 90' lang='lat' dir='ltr'><strong>ea</strong></span> <span class='ocrx_word' id='word_1_34' title='bbox 1119 454 1247 492; x_wconf 84' lang='lat' dir='ltr'><strong>fabula</strong></span> <span class='ocrx_word' id='word_1_35' title='bbox 1277 453 1400 492; x_wconf 73' lang='lat' dir='ltr'><strong>multis</strong></span> 
     </span>
     <span class='ocr_line' id='line_1_6' title="bbox 208 522 1401 579; baseline -0.005 -15"><span class='ocrx_word' id='word_1_36' title='bbox 208 527 333 579; x_wconf 87' lang='lat' dir='ltr'><strong>populi</strong></span> <span class='ocrx_word' id='word_1_37' title='bbox 380 526 605 564; x_wconf 81' lang='lat' dir='ltr'><strong>carminibus</strong></span> <span class='ocrx_word' id='word_1_38' title='bbox 650 530 688 561; x_wconf 87' lang='lat' dir='ltr'><strong>et</strong></span> <span class='ocrx_word' id='word_1_39' title='bbox 734 524 959 575; x_wconf 74' lang='lat' dir='ltr'><strong>spectaculis</strong></span> <span class='ocrx_word' id='word_1_40' title='bbox 998 522 1213 574; x_wconf 81' lang='lat' dir='ltr'><strong>pastoribus</strong></span> <span class='ocrx_word' id='word_1_41' title='bbox 1252 533 1401 572; x_wconf 83' lang='lat' dir='ltr'><strong>quoque</strong></span> 
     </span>
     <span class='ocr_line' id='line_1_7' title="bbox 207 590 1400 642; baseline -0.007 -9"><span class='ocrx_word' id='word_1_42' title='bbox 207 600 342 633; x_wconf 80' lang='lat' dir='ltr'><strong>cantus</strong></span> <span class='ocrx_word' id='word_1_43' title='bbox 383 594 594 632; x_wconf 88' lang='lat' dir='ltr'><strong>amantibus</strong></span> <span class='ocrx_word' id='word_1_44' title='bbox 631 597 721 630; x_wconf 90' lang='lat' dir='ltr'><strong>nota</strong></span> <span class='ocrx_word' id='word_1_45' title='bbox 758 597 853 629; x_wconf 85' lang='lat' dir='ltr'><strong>erat.</strong></span> <span class='ocrx_word' id='word_1_46' title='bbox 922 591 979 627; x_wconf 84' lang='lat' dir='ltr'><strong>Ad</strong></span> <span class='ocrx_word' id='word_1_47' title='bbox 1017 590 1287 642; x_wconf 84' lang='lat' dir='ltr'><strong>cogitationem</strong></span> <span class='ocrx_word' id='word_1_48' title='bbox 1326 601 1400 626; x_wconf 79' lang='lat' dir='ltr'><strong>ma-</strong></span> 
     </span>
     <span class='ocr_line' id='line_1_8' title="bbox 207 657 1400 713; baseline -0.008 -12"><span class='ocrx_word' id='word_1_49' title='bbox 207 663 296 710; x_wconf 79' lang='lat' dir='ltr'><strong>tris,</strong></span> <span class='ocrx_word' id='word_1_50' title='bbox 328 675 423 713; x_wconf 84' lang='lat' dir='ltr'><strong>quae</strong></span> <span class='ocrx_word' id='word_1_51' title='bbox 454 674 584 698; x_wconf 87' lang='lat' dir='ltr'><strong>manus</strong></span> <span class='ocrx_word' id='word_1_52' title='bbox 615 673 702 697; x_wconf 84' lang='lat' dir='ltr'><strong>suas</strong></span> <span class='ocrx_word' id='word_1_53' title='bbox 734 672 884 696; x_wconf 88' lang='lat' dir='ltr'><strong>suorum</strong></span> <span class='ocrx_word' id='word_1_54' title='bbox 915 658 1073 695; x_wconf 83' lang='lat' dir='ltr'><strong>filiorum</strong></span> <span class='ocrx_word' id='word_1_55' title='bbox 1107 657 1294 709; x_wconf 81' lang='lat' dir='ltr'><strong>sanguine</strong></span> <span class='ocrx_word' id='word_1_56' title='bbox 1324 668 1400 693; x_wconf 88' lang='lat' dir='ltr'><strong>ma-</strong></span> 
     </span>
     <span class='ocr_line' id='line_1_9' title="bbox 207 726 1401 778; baseline -0.006 -10"><span class='ocrx_word' id='word_1_57' title='bbox 207 730 401 776; x_wconf 84' lang='lat' dir='ltr'><strong>culaverit,</strong></span> <span class='ocrx_word' id='word_1_58' title='bbox 433 729 568 767; x_wconf 80' lang='lat' dir='ltr'><strong>acerbe</strong></span> <span class='ocrx_word' id='word_1_59' title='bbox 600 733 711 778; x_wconf 61' lang='lat' dir='ltr'><strong>poeta</strong></span> <span class='ocrx_word' id='word_1_60' title='bbox 742 727 946 764; x_wconf 77' lang='lat' dir='ltr'><strong>exclamat:</strong></span> <span class='ocrx_word' id='word_1_61' title='bbox 981 726 1188 763; x_wconf 73' lang='lat' dir='ltr'><strong>Crudelis</strong></span> <span class='ocrx_word' id='word_1_62' title='bbox 1219 732 1267 762; x_wconf 82' lang='lat' dir='ltr'><strong>tu</strong></span> <span class='ocrx_word' id='word_1_63' title='bbox 1298 737 1401 775; x_wconf 76' lang='lat' dir='ltr'><strong>qno·</strong></span> 
     </span>
     <span class='ocr_line' id='line_1_10' title="bbox 208 793 1401 850; baseline -0.007 -14"><span class='ocrx_word' id='word_1_64' title='bbox 208 811 291 850; x_wconf 74' lang='lat' dir='ltr'><strong>qve</strong></span> <span class='ocrx_word' id='word_1_65' title='bbox 321 803 396 835; x_wconf 71' lang='lat' dir='ltr'><strong>es!</strong></span> <span class='ocrx_word' id='word_1_66' title='bbox 428 797 517 832; x_wconf 82' lang='lat' dir='ltr'><strong>Tua</strong></span> <span class='ocrx_word' id='word_1_67' title='bbox 547 808 694 845; x_wconf 84' lang='lat' dir='ltr'><strong>quoque</strong></span> <span class='ocrx_word' id='word_1_68' title='bbox 725 794 928 831; x_wconf 84' lang='lat' dir='ltr'><strong>crudelitas</strong></span> <span class='ocrx_word' id='word_1_69' title='bbox 959 793 1076 845; x_wconf 82' lang='lat' dir='ltr'><strong>digna</strong></span> <span class='ocrx_word' id='word_1_70' title='bbox 1106 798 1175 838; x_wconf 87' lang='lat' dir='ltr'><strong>est,</strong></span> <span class='ocrx_word' id='word_1_71' title='bbox 1207 804 1303 842; x_wconf 88' lang='lat' dir='ltr'><strong>quae</strong></span> <span class='ocrx_word' id='word_1_72' title='bbox 1325 803 1401 828; x_wconf 84' lang='lat' dir='ltr'><strong>una</strong></span> 
     </span>
     <span class='ocr_line' id='line_1_11' title="bbox 207 861 1401 912; baseline -0.005 -9"><span class='ocrx_word' id='word_1_73' title='bbox 207 879 288 903; x_wconf 91' lang='lat' dir='ltr'><strong>cum</strong></span> <span class='ocrx_word' id='word_1_74' title='bbox 313 864 461 902; x_wconf 86' lang='lat' dir='ltr'><strong>Amoris</strong></span> <span class='ocrx_word' id='word_1_75' title='bbox 483 863 712 899; x_wconf 85' lang='lat' dir='ltr'><strong>nominetur!</strong></span> <span class='ocrx_word' id='word_1_76' title='bbox 746 889 754 898; x_wconf 96' lang='lat'><strong>.</strong></span> <span class='ocrx_word' id='word_1_77' title='bbox 788 889 796 898; x_wconf 92' lang='lat'><strong>.</strong></span> <span class='ocrx_word' id='word_1_78' title='bbox 829 889 839 898; x_wconf 93' lang='lat'><strong>.</strong></span> <span class='ocrx_word' id='word_1_79' title='bbox 900 861 993 897; x_wconf 80' lang='lat' dir='ltr'><strong>Num</strong></span> <span class='ocrx_word' id='word_1_80' title='bbox 1024 866 1167 898; x_wconf 89' lang='lat' dir='ltr'><strong>tantum</strong></span> <span class='ocrx_word' id='word_1_81' title='bbox 1198 861 1401 912; x_wconf 75' lang='lat' dir='ltr'><strong>qnoque?</strong></span> 
     </span>
     <span class='ocr_line' id='line_1_12' title="bbox 208 926 1399 980; baseline -0.006 -10"><span class='ocrx_word' id='word_1_82' title='bbox 208 933 343 970; x_wconf 87' lang='lat' dir='ltr'><strong>Nonne</strong></span> <span class='ocrx_word' id='word_1_83' title='bbox 381 931 428 968; x_wconf 92' lang='lat' dir='ltr'><strong>ad</strong></span> <span class='ocrx_word' id='word_1_84' title='bbox 464 929 659 980; x_wconf 79' lang='lat' dir='ltr'><strong>fastigium</strong></span> <span class='ocrx_word' id='word_1_85' title='bbox 700 928 764 966; x_wconf 91' lang='lat' dir='ltr'><strong>illa</strong></span> <span class='ocrx_word' id='word_1_86' title='bbox 801 928 1035 966; x_wconf 85' lang='lat' dir='ltr'><strong>crudelitatis</strong></span> <span class='ocrx_word' id='word_1_87' title='bbox 1067 927 1262 978; x_wconf 65' lang='lat' dir='ltr'><strong>pervenitl</strong></span> <span class='ocrx_word' id='word_1_88' title='bbox 1305 926 1399 963; x_wconf 81' lang='lat' dir='ltr'><strong>Num</strong></span> 
     </span>
     <span class='ocr_line' id='line_1_13' title="bbox 208 995 1398 1050; baseline -0.004 -14"><span class='ocrx_word' id='word_1_89' title='bbox 208 1000 429 1050; x_wconf 85' lang='lat' dir='ltr'><strong>desperatus</strong></span> <span class='ocrx_word' id='word_1_90' title='bbox 459 1010 553 1048; x_wconf 89' lang='lat' dir='ltr'><strong>puer</strong></span> <span class='ocrx_word' id='word_1_91' title='bbox 583 996 662 1048; x_wconf 85' lang='lat' dir='ltr'><strong>ipse</strong></span> <span class='ocrx_word' id='word_1_92' title='bbox 692 995 880 1034; x_wconf 87' lang='lat' dir='ltr'><strong>crudelior</strong></span> <span class='ocrx_word' id='word_1_93' title='bbox 910 1008 993 1032; x_wconf 88' lang='lat' dir='ltr'><strong>esse</strong></span> <span class='ocrx_word' id='word_1_94' title='bbox 1016 997 1164 1045; x_wconf 73' lang='lat' dir='ltr'><strong>potest?</strong></span> <span class='ocrx_word' id='word_1_95' title='bbox 1196 995 1299 1032; x_wconf 87' lang='lat' dir='ltr'><strong>Sane</strong></span> <span class='ocrx_word' id='word_1_96' title='bbox 1314 1007 1398 1032; x_wconf 87' lang='lat' dir='ltr'><strong>cru-</strong></span> 
     </span>
     <span class='ocr_line' id='line_1_14' title="bbox 208 1063 1400 1116; baseline -0.006 -12"><span class='ocrx_word' id='word_1_97' title='bbox 208 1067 340 1112; x_wconf 89' lang='lat' dir='ltr'><strong>delior,</strong></span> <span class='ocrx_word' id='word_1_98' title='bbox 371 1078 480 1116; x_wconf 85' lang='lat' dir='ltr'><strong>quam</strong></span> <span class='ocrx_word' id='word_1_99' title='bbox 511 1069 630 1102; x_wconf 88' lang='lat' dir='ltr'><strong>mater</strong></span> <span class='ocrx_word' id='word_1_100' title='bbox 660 1069 700 1100; x_wconf 89' lang='lat' dir='ltr'><strong>tu</strong></span> <span class='ocrx_word' id='word_1_101' title='bbox 730 1063 811 1114; x_wconf 89' lang='lat' dir='ltr'><strong>ipsa</strong></span> <span class='ocrx_word' id='word_1_102' title='bbox 842 1063 1022 1107; x_wconf 81' lang='lat' dir='ltr'><strong>immanis,</strong></span> <span class='ocrx_word' id='word_1_103' title='bbox 1054 1063 1276 1112; x_wconf 85' lang='lat' dir='ltr'><strong>desperatus</strong></span> <span class='ocrx_word' id='word_1_104' title='bbox 1307 1073 1400 1112; x_wconf 88' lang='lat' dir='ltr'><strong>puer</strong></span> 
     </span>
     <span class='ocr_line' id='line_1_15' title="bbox 208 1128 1401 1181; baseline -0.005 -10"><span class='ocrx_word' id='word_1_105' title='bbox 208 1135 283 1172; x_wconf 87' lang='lat' dir='ltr'><strong>est!</strong></span> <span class='ocrx_word' id='word_1_106' title='bbox 329 1133 394 1169; x_wconf 86' lang='lat' dir='ltr'><strong>Tu</strong></span> <span class='ocrx_word' id='word_1_107' title='bbox 424 1136 567 1169; x_wconf 89' lang='lat' dir='ltr'><strong>tantum</strong></span> <span class='ocrx_word' id='word_1_108' title='bbox 599 1136 637 1168; x_wconf 91' lang='lat' dir='ltr'><strong>et</strong></span> <span class='ocrx_word' id='word_1_109' title='bbox 666 1131 748 1181; x_wconf 86' lang='lat' dir='ltr'><strong>ipsa</strong></span> <span class='ocrx_word' id='word_1_110' title='bbox 778 1143 951 1180; x_wconf 75' lang='lat' dir='ltr'><strong>quoque</strong></span> <span class='ocrx_word' id='word_1_111' title='bbox 981 1129 1144 1166; x_wconf 89' lang='lat' dir='ltr'><strong>crudelis</strong></span> <span class='ocrx_word' id='word_1_112' title='bbox 1174 1130 1233 1165; x_wconf 85' lang='lat' dir='ltr'><strong>es!</strong></span> <span class='ocrx_word' id='word_1_113' title='bbox 1279 1128 1401 1166; x_wconf 76' lang='lat' dir='ltr'><strong>Puer</strong></span> 
     </span>
     <span class='ocr_line' id='line_1_16' title="bbox 206 1196 1400 1249; baseline -0.005 -11"><span class='ocrx_word' id='word_1_114' title='bbox 206 1199 430 1249; x_wconf 71' lang='lat' dir='ltr'><strong>improbus</strong></span> <span class='ocrx_word' id='word_1_115' title='bbox 459 1198 659 1249; x_wconf 90' lang='lat' dir='ltr'><strong>utrobique</strong></span> <span class='ocrx_word' id='word_1_116' title='bbox 688 1198 893 1249; x_wconf 88' lang='lat' dir='ltr'><strong>subjectum</strong></span> <span class='ocrx_word' id='word_1_117' title='bbox 934 1201 1013 1242; x_wconf 82' lang='lat' dir='ltr'><strong>est,</strong></span> <span class='ocrx_word' id='word_1_118' title='bbox 1053 1196 1099 1233; x_wconf 87' lang='lat' dir='ltr'><strong>ad</strong></span> <span class='ocrx_word' id='word_1_119' title='bbox 1130 1196 1228 1246; x_wconf 89' lang='lat' dir='ltr'><strong>quod</strong></span> <span class='ocrx_word' id='word_1_120' title='bbox 1259 1198 1400 1245; x_wconf 71' lang='lat' dir='ltr'><strong>magio</strong></span> 
     </span>
     <span class='ocr_line' id='line_1_17' title="bbox 204 1263 1400 1316; baseline -0.008 -8"><span class='ocrx_word' id='word_1_121' title='bbox 204 1270 403 1308; x_wconf 72' lang='lat' dir='ltr'><strong>crudelis</strong></span> <span class='ocrx_word' id='word_1_122' title='bbox 449 1274 517 1306; x_wconf 71' lang='lat' dir='ltr'><strong>est</strong></span> <span class='ocrx_word' id='word_1_123' title='bbox 556 1266 727 1304; x_wconf 87' lang='lat' dir='ltr'><strong>addatur.</strong></span> <span class='ocrx_word' id='word_1_124' title='bbox 787 1265 908 1310; x_wconf 87' lang='lat' dir='ltr'><strong>Haec,</strong></span> <span class='ocrx_word' id='word_1_125' title='bbox 948 1263 1107 1316; x_wconf 69' lang='lat' dir='ltr'><strong>Virgilio</strong></span> <span class='ocrx_word' id='word_1_126' title='bbox 1141 1263 1288 1314; x_wconf 88' lang='lat' dir='ltr'><strong>judice,</strong></span> <span class='ocrx_word' id='word_1_127' title='bbox 1332 1276 1400 1314; x_wconf 90' lang='lat' dir='ltr'><strong>pro</strong></span> 
     </span>
     <span class='ocr_line' id='line_1_18' title="bbox 208 1330 1401 1386; baseline -0.008 -11"><span class='ocrx_word' id='word_1_128' title='bbox 208 1336 365 1376; x_wconf 81' lang='lat' dir='ltr'><strong>eruditis</strong></span> <span class='ocrx_word' id='word_1_129' title='bbox 404 1334 619 1386; x_wconf 85' lang='lat' dir='ltr'><strong>pastoribus</strong></span> <span class='ocrx_word' id='word_1_130' title='bbox 659 1346 732 1370; x_wconf 89' lang='lat' dir='ltr'><strong>nou</strong></span> <span class='ocrx_word' id='word_1_131' title='bbox 771 1333 880 1369; x_wconf 89' lang='lat' dir='ltr'><strong>nimis</strong></span> <span class='ocrx_word' id='word_1_132' title='bbox 921 1337 1060 1384; x_wconf 83' lang='lat' dir='ltr'><strong>arguta</strong></span> <span class='ocrx_word' id='word_1_133' title='bbox 1094 1330 1281 1368; x_wconf 83' lang='lat' dir='ltr'><strong>subtilitas</strong></span> <span class='ocrx_word' id='word_1_134' title='bbox 1311 1343 1401 1367; x_wconf 86' lang='lat' dir='ltr'><strong>cun-</strong></span> 
     </span>
     <span class='ocr_line' id='line_1_19' title="bbox 208 1397 1401 1453; baseline -0.006 -12"><span class='ocrx_word' id='word_1_135' title='bbox 208 1404 279 1442; x_wconf 85' lang='lat' dir='ltr'><strong>ctis</strong></span> <span class='ocrx_word' id='word_1_136' title='bbox 310 1408 432 1440; x_wconf 90' lang='lat' dir='ltr'><strong>tamen</strong></span> <span class='ocrx_word' id='word_1_137' title='bbox 463 1401 731 1453; x_wconf 81' lang='lat' dir='ltr'><strong>interpretibus</strong></span> <span class='ocrx_word' id='word_1_138' title='bbox 762 1405 845 1438; x_wconf 87' lang='lat' dir='ltr'><strong>erat</strong></span> <span class='ocrx_word' id='word_1_139' title='bbox 874 1399 1064 1445; x_wconf 84' lang='lat' dir='ltr'><strong>subtilior3</strong></span> <span class='ocrx_word' id='word_1_140' title='bbox 1098 1398 1168 1435; x_wconf 89' lang='lat' dir='ltr'><strong>nisi</strong></span> <span class='ocrx_word' id='word_1_141' title='bbox 1187 1398 1285 1448; x_wconf 88' lang='lat' dir='ltr'><strong>quod</strong></span> <span class='ocrx_word' id='word_1_142' title='bbox 1302 1397 1401 1448; x_wconf 82' lang='lat' dir='ltr'><strong>apud</strong></span> 
     </span>
     <span class='ocr_line' id='line_1_20' title="bbox 209 1466 1399 1518; baseline -0.005 -10"><span class='ocrx_word' id='word_1_143' title='bbox 209 1470 380 1509; x_wconf 83' lang='lat' dir='ltr'><strong>Servium</strong></span> <span class='ocrx_word' id='word_1_144' title='bbox 412 1474 545 1507; x_wconf 90' lang='lat' dir='ltr'><strong>tenues</strong></span> <span class='ocrx_word' id='word_1_145' title='bbox 576 1468 756 1518; x_wconf 89' lang='lat' dir='ltr'><strong>quaedam</strong></span> <span class='ocrx_word' id='word_1_146' title='bbox 788 1467 980 1504; x_wconf 89' lang='lat' dir='ltr'><strong>meliorum</strong></span> <span class='ocrx_word' id='word_1_147' title='bbox 1006 1466 1159 1503; x_wconf 87' lang='lat' dir='ltr'><strong>umbrae</strong></span> <span class='ocrx_word' id='word_1_148' title='bbox 1175 1471 1275 1510; x_wconf 85' lang='lat' dir='ltr'><strong>sunt,</strong></span> <span class='ocrx_word' id='word_1_149' title='bbox 1307 1478 1399 1517; x_wconf 73' lang='lat' dir='ltr'><strong>quan</strong></span> 
     </span>
     <span class='ocr_line' id='line_1_21' title="bbox 207 1534 881 1588; baseline -0.007 -13"><span class='ocrx_word' id='word_1_150' title='bbox 207 1538 361 1588; x_wconf 84' lang='lat' dir='ltr'><strong>Dryden</strong></span> <span class='ocrx_word' id='word_1_151' title='bbox 393 1542 575 1587; x_wconf 86' lang='lat' dir='ltr'><strong>sequutus</strong></span> <span class='ocrx_word' id='word_1_152' title='bbox 605 1548 690 1572; x_wconf 85' lang='lat' dir='ltr'><strong>esse</strong></span> <span class='ocrx_word' id='word_1_153' title='bbox 722 1534 881 1572; x_wconf 84' lang='lat' dir='ltr'><strong>videtur.</strong></span> 
     </span>
    </p>

    <p class='ocr_par' dir='ltr' id='par_1_3' title="bbox 207 1600 1401 1920">
     <span class='ocr_line' id='line_1_22' title="bbox 322 1600 1398 1643; baseline -0.006 0"><span class='ocrx_word' id='word_1_154' title='bbox 322 1607 518 1643; x_wconf 78' lang='lat'><strong>52—56.</strong></span> <span class='ocrx_word' id='word_1_155' title='bbox 577 1602 763 1639; x_wconf 85' lang='lat' dir='ltr'><strong>Universa</strong></span> <span class='ocrx_word' id='word_1_156' title='bbox 807 1601 944 1637; x_wconf 84' lang='lat' dir='ltr'><strong>exinde</strong></span> <span class='ocrx_word' id='word_1_157' title='bbox 990 1604 1234 1638; x_wconf 83' lang='lat' dir='ltr'><strong>convertatur</strong></span> <span class='ocrx_word' id='word_1_158' title='bbox 1271 1600 1398 1638; x_wconf 81' lang='lat' dir='ltr'><strong>licebit</strong></span> 
     </span>
     <span class='ocr_line' id='line_1_23' title="bbox 208 1666 1399 1717; baseline -0.005 -7"><span class='ocrx_word' id='word_1_159' title='bbox 208 1672 360 1711; x_wconf 84' lang='lat' dir='ltr'><strong>natura!</strong></span> <span class='ocrx_word' id='word_1_160' title='bbox 394 1671 517 1708; x_wconf 78' lang='lat' dir='ltr'><strong>Meum</strong></span> <span class='ocrx_word' id='word_1_161' title='bbox 548 1674 699 1706; x_wconf 79' lang='lat' dir='ltr'><strong>constat</strong></span> <span class='ocrx_word' id='word_1_162' title='bbox 727 1667 942 1706; x_wconf 85' lang='lat' dir='ltr'><strong>consilium:</strong></span> <span class='ocrx_word' id='word_1_163' title='bbox 975 1680 1106 1717; x_wconf 85' lang='lat' dir='ltr'><strong>nempe</strong></span> <span class='ocrx_word' id='word_1_164' title='bbox 1133 1666 1327 1712; x_wconf 84' lang='lat' dir='ltr'><strong>moriendi,</strong></span> <span class='ocrx_word' id='word_1_165' title='bbox 1357 1673 1399 1704; x_wconf 88' lang='lat' dir='ltr'><strong>ut</strong></span> 
     </span>
     <span class='ocr_line' id='line_1_24' title="bbox 208 1734 1399 1790; baseline -0.007 -12"><span class='ocrx_word' id='word_1_166' title='bbox 208 1740 246 1778; x_wconf 86' lang='lat' dir='ltr'><strong>in</strong></span> <span class='ocrx_word' id='word_1_167' title='bbox 286 1741 402 1790; x_wconf 81' lang='lat' dir='ltr'><strong>primo</strong></span> <span class='ocrx_word' id='word_1_168' title='bbox 439 1737 546 1775; x_wconf 85' lang='lat' dir='ltr'><strong>initio</strong></span> <span class='ocrx_word' id='word_1_169' title='bbox 584 1750 620 1775; x_wconf 87' lang='lat' dir='ltr'><strong>v.</strong></span> <span class='ocrx_word' id='word_1_170' title='bbox 652 1741 726 1780; x_wconf 77' lang='lat'><strong>20,</strong></span> <span class='ocrx_word' id='word_1_171' title='bbox 773 1741 811 1772; x_wconf 91' lang='lat' dir='ltr'><strong>et</strong></span> <span class='ocrx_word' id='word_1_172' title='bbox 842 1748 928 1771; x_wconf 84' lang='lat' dir='ltr'><strong>mox</strong></span> <span class='ocrx_word' id='word_1_173' title='bbox 960 1734 1127 1785; x_wconf 86' lang='lat' dir='ltr'><strong>apertius</strong></span> <span class='ocrx_word' id='word_1_174' title='bbox 1158 1734 1194 1770; x_wconf 86' lang='lat' dir='ltr'><strong>in</strong></span> <span class='ocrx_word' id='word_1_175' title='bbox 1227 1734 1399 1784; x_wconf 82' lang='lat' dir='ltr'><strong>proximo</strong></span> 
     </span>
     <span class='ocr_line' id='line_1_25' title="bbox 207 1801 1401 1854; baseline -0.004 -10"><span class='ocrx_word' id='word_1_176' title='bbox 207 1807 326 1845; x_wconf 82' lang='lat' dir='ltr'><strong>inciso</strong></span> <span class='ocrx_word' id='word_1_177' title='bbox 358 1805 506 1843; x_wconf 87' lang='lat' dir='ltr'><strong>dicitur.</strong></span> <span class='ocrx_word' id='word_1_178' title='bbox 536 1827 592 1833; x_wconf 89' lang='lat'><strong>——</strong></span> <span class='ocrx_word' id='word_1_179' title='bbox 623 1803 743 1854; x_wconf 89' lang='lat' dir='ltr'><strong>Hujus</strong></span> <span class='ocrx_word' id='word_1_180' title='bbox 773 1801 846 1839; x_wconf 88' lang='lat' dir='ltr'><strong>loci</strong></span> <span class='ocrx_word' id='word_1_181' title='bbox 876 1801 1068 1852; x_wconf 86' lang='lat' dir='ltr'><strong>exemplar</strong></span> <span class='ocrx_word' id='word_1_182' title='bbox 1099 1801 1134 1837; x_wconf 90' lang='lat' dir='ltr'><strong>in</strong></span> <span class='ocrx_word' id='word_1_183' title='bbox 1167 1801 1401 1839; x_wconf 81' lang='lat' dir='ltr'><strong>Theocritea</strong></span> 
     </span>
     <span class='ocr_line' id='line_1_26' title="bbox 209 1869 1256 1920; baseline -0.007 -8"><span class='ocrx_word' id='word_1_184' title='bbox 209 1873 494 1913; x_wconf 84' lang='lat' dir='ltr'><strong>adumbratione</strong></span> <span class='ocrx_word' id='word_1_185' title='bbox 524 1871 718 1908; x_wconf 82' lang='lat' dir='ltr'><strong>morientis</strong></span> <span class='ocrx_word' id='word_1_186' title='bbox 748 1869 956 1920; x_wconf 81' lang='lat' dir='ltr'><strong>Daphnidis</strong></span> <span class='ocrx_word' id='word_1_187' title='bbox 987 1875 1063 1913; x_wconf 84' lang='lat' dir='ltr'><strong>est,</strong></span> <span class='ocrx_word' id='word_1_188' title='bbox 1096 1869 1124 1913; x_wconf 88' lang='lat' dir='ltr'><strong>l,</strong></span> <span class='ocrx_word' id='word_1_189' title='bbox 1159 1873 1256 1907; x_wconf 77' lang='lat'><strong>132:</strong></span> 
     </span>
    </p>
   </div>
   <div class='ocr_carea' id='block_1_3' title="bbox 344 1966 1352 2236">
    <p class='ocr_par' dir='ltr' id='par_1_4' title="bbox 344 1966 1352 2069">
     <span class='ocr_line' id='line_1_27' title="bbox 344 1966 1352 2012; baseline -0.006 -7"><span class='ocrx_word' id='word_1_190' title='bbox 344 1973 445 2006; x_wconf 92' lang='lat' dir='ltr'><strong>Nunc</strong></span> <span class='ocrx_word' id='word_1_191' title='bbox 469 1970 683 2012; x_wconf 78' lang='lat' dir='ltr'><strong>habeantque</strong></span> <span class='ocrx_word' id='word_1_192' title='bbox 707 1970 781 2002; x_wconf 78' lang='lat' dir='ltr'><strong>ruhi</strong></span> <span class='ocrx_word' id='word_1_193' title='bbox 807 1968 934 2009; x_wconf 68' lang='lat' dir='ltr'><strong>violas,</strong></span> <span class='ocrx_word' id='word_1_194' title='bbox 973 1968 1119 2001; x_wconf 78' lang='lat' dir='ltr'><strong>habeant</strong></span> <span class='ocrx_word' id='word_1_195' title='bbox 1143 1971 1177 2001; x_wconf 83' lang='lat' dir='ltr'><strong>et</strong></span> <span class='ocrx_word' id='word_1_196' title='bbox 1201 1966 1352 2007; x_wconf 76' lang='lat' dir='ltr'><strong>acauthi3</strong></span> 
     </span>
     <span class='ocr_line' id='line_1_28' title="bbox 344 2024 1158 2069; baseline -0.007 -9"><span class='ocrx_word' id='word_1_197' title='bbox 344 2026 494 2069; x_wconf 81' lang='lat' dir='ltr'><strong>luniperi</strong></span> <span class='ocrx_word' id='word_1_198' title='bbox 520 2026 553 2057; x_wconf 85' lang='lat' dir='ltr'><strong>in</strong></span> <span class='ocrx_word' id='word_1_199' title='bbox 579 2024 687 2067; x_wconf 82' lang='lat' dir='ltr'><strong>spinis</strong></span> <span class='ocrx_word' id='word_1_200' title='bbox 713 2024 855 2057; x_wconf 76' lang='lat' dir='ltr'><strong>narcissi</strong></span> <span class='ocrx_word' id='word_1_201' title='bbox 880 2026 999 2056; x_wconf 78' lang='lat' dir='ltr'><strong>floreat</strong></span> <span class='ocrx_word' id='word_1_202' title='bbox 1025 2034 1158 2063; x_wconf 82' lang='lat' dir='ltr'><strong>aurum,</strong></span> 
     </span>
    </p>

    <p class='ocr_par' dir='ltr' id='par_1_5' title="bbox 348 2077 1336 2236">
     <span class='ocr_line' id='line_1_29' title="bbox 348 2077 1240 2124; baseline -0.007 -9"><span class='ocrx_word' id='word_1_203' title='bbox 348 2082 474 2115; x_wconf 84' lang='lat' dir='ltr'><strong>Omnia</strong></span> <span class='ocrx_word' id='word_1_204' title='bbox 499 2086 689 2119; x_wconf 76' lang='lat' dir='ltr'><strong>mutentur3</strong></span> <span class='ocrx_word' id='word_1_205' title='bbox 724 2081 893 2124; x_wconf 77' lang='lat' dir='ltr'><strong>pinusque</strong></span> <span class='ocrx_word' id='word_1_206' title='bbox 918 2079 1003 2113; x_wconf 69' lang='lat' dir='ltr'><strong>serat</strong></span> <span class='ocrx_word' id='word_1_207' title='bbox 1028 2079 1101 2123; x_wconf 86' lang='lat' dir='ltr'><strong>pira</strong></span> <span class='ocrx_word' id='word_1_208' title='bbox 1124 2077 1240 2119; x_wconf 84' lang='lat' dir='ltr'><strong>ramis,</strong></span> 
     </span>
     <span class='ocr_line' id='line_1_30' title="bbox 348 2133 1336 2182; baseline -0.005 -11"><span class='ocrx_word' id='word_1_209' title='bbox 348 2138 502 2182; x_wconf 78' lang='lat' dir='ltr'><strong>Daphnis</strong></span> <span class='ocrx_word' id='word_1_210' title='bbox 527 2149 630 2181; x_wconf 90' lang='lat' dir='ltr'><strong>quum</strong></span> <span class='ocrx_word' id='word_1_211' title='bbox 657 2137 818 2176; x_wconf 60' lang='lat' dir='ltr'><strong>moritum</strong></span> <span class='ocrx_word' id='word_1_212' title='bbox 845 2137 986 2169; x_wconf 82' lang='lat' dir='ltr'><strong>canibus</strong></span> <span class='ocrx_word' id='word_1_213' title='bbox 1010 2135 1053 2168; x_wconf 84' lang='lat' dir='ltr'><strong>sit</strong></span> <span class='ocrx_word' id='word_1_214' title='bbox 1078 2145 1179 2168; x_wconf 81' lang='lat' dir='ltr'><strong>cerva</strong></span> <span class='ocrx_word' id='word_1_215' title='bbox 1203 2133 1336 2174; x_wconf 86' lang='lat' dir='ltr'><strong>timori;</strong></span> 
     </span>
     <span class='ocr_line' id='line_1_31' title="bbox 348 2190 1213 2236; baseline -0.006 -9"><span class='ocrx_word' id='word_1_216' title='bbox 348 2194 528 2228; x_wconf 85' lang='lat' dir='ltr'><strong>Luscinias</strong></span> <span class='ocrx_word' id='word_1_217' title='bbox 553 2194 709 2236; x_wconf 77' lang='lat' dir='ltr'><strong>interque</strong></span> <span class='ocrx_word' id='word_1_218' title='bbox 734 2197 834 2225; x_wconf 82' lang='lat' dir='ltr'><strong>canat</strong></span> <span class='ocrx_word' id='word_1_219' title='bbox 858 2198 935 2236; x_wconf 84' lang='lat' dir='ltr'><strong>post</strong></span> <span class='ocrx_word' id='word_1_220' title='bbox 961 2196 1084 2224; x_wconf 88' lang='lat' dir='ltr'><strong>noctua</strong></span> <span class='ocrx_word' id='word_1_221' title='bbox 1106 2190 1213 2223; x_wconf 81' lang='lat' dir='ltr'><strong>silvis.</strong></span> 
     </span>
    </p>
   </div>
   <div class='ocr_carea' id='block_1_4' title="bbox 212 2270 1394 2325">
    <p class='ocr_par' dir='ltr' id='par_1_6' title="bbox 212 2270 1394 2325">
     <span class='ocr_line' id='line_1_32' title="bbox 212 2270 1394 2325; baseline -0.006 -11"><span class='ocrx_word' id='word_1_222' title='bbox 212 2277 368 2314; x_wconf 72' lang='lat' dir='ltr'><strong>Aurea</strong></span> <span class='ocrx_word' id='word_1_223' title='bbox 405 2276 551 2320; x_wconf 79' lang='lat' dir='ltr'><strong>mala,</strong></span> <span class='ocrx_word' id='word_1_224' title='bbox 602 2273 784 2323; x_wconf 69' lang='lat' dir='ltr'><strong>cydonia,</strong></span> <span class='ocrx_word' id='word_1_225' title='bbox 829 2278 1012 2325; x_wconf 85' lang='lat' dir='ltr'><strong>granata,</strong></span> <span class='ocrx_word' id='word_1_226' title='bbox 1061 2270 1180 2308; x_wconf 87' lang='lat' dir='ltr'><strong>citrea</strong></span> <span class='ocrx_word' id='word_1_227' title='bbox 1210 2270 1283 2316; x_wconf 81' lang='lat' dir='ltr'><strong>ln,</strong></span> <span class='ocrx_word' id='word_1_228' title='bbox 1327 2274 1394 2308; x_wconf 86' lang='lat'><strong>71.</strong></span> 
     </span>
    </p>
   </div>
  </div>
 </body>
</html>
