1515 2620
196 157 280 197 ¹22
570 148 775 185 seneca
806 146 905 194 vm,
937 153 1006 187 so.

465 260 643 301 Hespem,
669 261 793 290 cuncta
817 253 935 290 vehis!

464 313 569 348 Venis
594 313 730 355 vinum,
755 312 851 346 vehis
876 324 1029 357 capram,

464 369 570 404 Vehis
595 369 695 403 matri
719 368 898 403 infantem.

195 465 324 501 Vinum
357 463 404 500 ob
435 476 541 500 rores
571 462 729 507 fertiles,
762 474 912 512 capram
943 461 988 498 ab
1019 473 1116 512 agro
1147 461 1196 497 ad
1219 460 1383 499 stabulo.

200 531 353 570 Oetaei
384 535 529 568 montes
560 529 740 581 praecisis
771 529 923 579 rupibus
954 541 975 565 a
1006 528 1088 565 sinu
1120 528 1282 566 Maliaco
1313 529 1382 566 du-

193 604 304 637 centa
346 598 469 635 stadia
514 598 560 634 ad
599 597 838 634 Occidentem
878 608 1009 633 versus
1047 596 1225 641 tendunt,
1272 595 1383 633 Pindi

189 668 322 719 jugum
374 670 568 710 secantes3
619 663 799 701 altissime
851 662 1067 700 Callidromi
1112 676 1220 701 arces
1265 676 1380 714 supra

193 733 471 783 Thermopylas
501 736 675 783 surgunt,
707 731 768 767 ubi
799 731 845 767 ad
877 743 977 767 mare
1007 731 1161 782 angusti
1187 732 1233 768 ad
1260 737 1381 768 trans-

193 801 283 838 itum
328 801 442 837 calles
488 811 535 835 ex
588 797 751 835 Locride
798 797 833 834 in
882 798 1122 835 Thessaliam
1162 798 1383 848 aperiuntur

194 868 318 905 Strab.
344 867 409 911 ΙΧ,
442 880 475 916 p.
507 871 602 910 4⁴28,
635 865 718 903 Liv.
749 865 929 911 xxxw,
964 870 1027 905 15.
1087 867 1278 916 Hesperus
1309 867 1382 903 de·

194 940 306 974 serit
323 936 466 979 Oetam,
497 933 533 971 id
565 933 715 983 proprie
746 933 777 969 si
808 933 944 970 dictum
976 939 1047 978 est,
1079 946 1162 969 esse
1195 947 1266 969 non
1300 939 1380 982 pot-

195 1009 276 1041 est:
327 1003 518 1052 Hesperus
565 1000 687 1037 factus
734 1006 771 1036 et
808 1001 924 1037 solem
962 1013 1124 1050 sequens
1163 1001 1207 1037 ad
1249 1002 1380 1036 Oetam

194 1072 378 1114 occitlit;
422 1069 487 1106 sed
527 1071 694 1115 surgit,
739 1067 925 1112 nimirum,
971 1068 1007 1104 in
1040 1068 1161 1103 Pindo
1194 1067 1382 1116 pascenti-

194 1139 281 1183 bus,
313 1143 352 1174 ut
385 1135 551 1180 Lucifer,
585 1142 752 1185 tempore
785 1135 979 1171 matutino.
1043 1135 1098 1170 lta
1130 1134 1312 1170 Hercules
1344 1133 1380 1170 in

187 1206 294 1258 jugis
321 1204 487 1249 Oetaeis,
519 1203 564 1240 ad
596 1202 835 1239 Occidentem
867 1201 998 1246 versis,
1031 1201 1145 1238 solem
1178 1213 1291 1250 supra
1321 1213 1381 1237 ca-

193 1273 360 1318 cumina,
395 1271 540 1309 Orienti
572 1271 740 1322 objecta,
772 1269 870 1320 apud
902 1273 1085 1306 Senecam
1119 1269 1251 1306 Herc.
1275 1270 1378 1315 sur.

197 1346 272 1380 133
318 1340 407 1377 oriri
447 1339 567 1383 videt,
614 1339 664 1375 ita
702 1344 838 1389 gentes
878 1337 973 1387 apud
1014 1337 1143 1373 silium
1185 1337 1253 1381 vt,
1300 1341 1379 1374 452

194 1408 343 1445 omnino
387 1406 653 1443 occidentales.
714 1407 833 1442 Secus
875 1411 954 1450 est,
1003 1417 1111 1454 quum
1152 1405 1186 1441 in
1229 1404 1382 1441 Culice

196 1474 344 1526 Virgilii
383 1488 418 1511 v.
459 1479 536 1511 202¹
578 1473 817 1523 pascentibus
848 1473 882 1508 in
916 1472 1095 1511 Boeotia,
1140 1471 1284 1508 Orienti
1317 1471 1381 1506 ob-

194 1555 323 1583 versa,
368 1542 559 1591 Hesperus
589 1553 701 1590 supra
732 1541 881 1577 Oetam,
920 1538 1142 1574 occidentali
1174 1539 1292 1575 latere
1323 1551 1380 1574 se-

196 1608 451 1661 ptemtrionis,
497 1620 544 1644 ex
583 1607 662 1643 sole
694 1607 899 1643 decedente
924 1607 1148 1653 procedit,
1183 1606 1261 1643 sive
1292 1618 1380 1642 con·

195 1676 369 1728 spicitur:

333 1749 377 1782 Et
411 1747 508 1790 piger
531 1749 650 1778 aurato
676 1744 827 1787 procedit
855 1744 986 1785 Vesper
1010 1744 1051 1775 ab
1078 1745 1177 1775 Oeta.

195 1814 298 1851 Haec
328 1824 475 1862 quoque
506 1809 650 1859 quidem
677 1810 903 1856 processio
935 1807 1066 1843 stellae
1094 1806 1330 1856 vespertinae
1360 1819 1384 1842 a

195 1882 365 1918 Varrone
404 1878 448 1914 L.
492 1877 535 1913 l„
582 1877 624 1912 ὶἸ
659 1883 695 1912 ct
727 1876 772 1912 ab
805 1875 962 1912 Horatio
993 1887 1105 1925 supra
1138 1881 1262 1910 ortus
1293 1872 1382 1909 ‹lici-

196 1956 274 1993 tur3
326 1946 423 1997 quod
465 1945 584 1995 mnjus
629 1950 710 1988 est,
759 1943 854 1993 apud
898 1945 1078 1979 Senecam
1119 1941 1256 1990 llipp.
1300 1946 1380 1979 747

195 2017 386 2066 Hesperus
432 2026 478 2050 cx
525 2013 676 2048 Oceano
721 2010 845 2061 surgit
884 2010 940 2048 vel
978 2023 1111 2047 recens
1149 2010 1260 2045 lotus.
1334 2009 1381 2044 At

196 2082 377 2136 ejusmodi
417 2086 522 2117 ortus
553 2079 598 2116 ab
633 2080 728 2115 Oeta
759 2084 883 2114 monte
910 2078 1066 2127 Hesperi
1099 2076 1296 2126 improprie.
1328 2076 1381 2111 di—

196 2160 277 2191 ctus
309 2151 587 2187 observatorem
621 2146 833 2196 requirebat
853 2147 920 2182 sub
940 2145 1094 2181 Oriente
1114 2144 1294 2193 posituim
1327 2150 1383 2179 to-

199 2229 310 2270 taque
350 2219 439 2255 haec
479 2215 633 2266 ecloga,
679 2227 827 2251 carmen
867 2212 1044 2264 imprimis
1085 2211 1290 2263 iungit-uni,
1335 2212 1381 2247 ad

200 2288 356 2325 Pindum
388 2283 615 2322 Thessaliae
646 2282 821 2333 pertinet.
883 2282 940 2318 Ex
972 2280 1116 2317 duobus
1147 2278 1282 2330 igitur,
1318 2278 1380 2328 qui
