1515 2620
458 102 662 141 ECLOGA
693 103 751 150 X,
785 107 960 142 26—30.
1213 110 1295 151 (ΖΗ

115 215 290 254 adhibent
320 215 531 254 baculorum
561 217 608 254 ad
638 229 754 262 usum,
786 222 823 253 et
851 216 1052 254 secundum
1078 216 1251 254 Salisium
1268 217 1296 271 1,

114 297 150 335 p.
170 287 221 322 24
237 283 284 321 ad
306 284 453 321 chortes
471 296 618 334 quoque
635 284 763 331 oviles,
794 284 920 330 sellas,
951 284 1150 336 gallinaria
1165 290 1203 321 et
1232 297 1293 322 ca-

113 363 223 396 veaS,
265 355 303 389 et
339 351 552 397 medullam,
592 353 894 401 quemadmodum
925 352 1010 389 olim
1041 352 1298 398 Prometheus,

113 418 160 455 ad
191 417 366 456 fomitem.
417 418 588 456 Lilium
618 420 760 467 majus
794 420 839 464 ll,
872 422 937 466 45,
970 420 1067 469 quod
1098 420 1298 457 secundum

112 485 273 523 Plinium
312 485 360 522 ad
399 486 628 523 altitudinem
667 500 779 538 saepe
817 486 987 537 pervenit
1016 487 1124 524 trium
1155 487 1297 525 cubito-

113 566 206 600 rum,
238 557 276 590 et
306 552 343 590 in
374 553 482 591 ltalia
511 566 621 591 rosae
651 567 775 591 comes
806 559 875 599 est,
905 553 1016 591 floret
1048 560 1152 592 trans
1183 568 1296 600 mare,

113 619 213 670 quod
243 619 390 657 Plinius
420 634 468 658 ex
485 620 750 672 Theophrasto
783 621 922 665 retulit,
955 634 1034 658 cum
1065 634 1181 659 verno
1213 635 1296 660 nar-

113 687 234 735 cisso3
265 687 316 727 cf.
346 702 382 726 v.
415 693 480 726 ⁴20.
511 693 577 727 46.

186 747 190 751 ’
228 759 405 795 26—30.
466 756 547 807 lpse
577 756 687 802 Pau,
722 760 904 807 regnator
925 755 1119 801 Arcadiae,
1150 755 1197 792 ad
1227 769 1297 793 nos

114 822 238 869 venit,
283 835 500 874 quamquam
544 823 603 861 hic
640 824 703 862 vix
739 824 832 861 alias
875 823 1091 860 mortalibus
1128 829 1296 874 apparet.

111 889 226 938 Ipsi,
259 890 389 928 Gallus
420 894 458 928 et
487 904 562 942 ego
591 905 625 929 v.
660 896 722 938 16,
754 891 899 928 rubram
931 892 1011 942 ejus
1042 890 1173 928 faciem
1203 891 1296 929 vidi-

112 970 205 1003 mus,
236 961 275 995 et
303 957 418 996 verba
446 958 528 1009 ejus
557 958 774 996 audivimus.
805 958 837 994 A
866 958 988 995 Pane
1012 959 1056 1003 ll,
1089 964 1137 996 31
1172 957 1297 1008 perof-

110 1022 242 1062 ficiose
272 1024 310 1062 id
341 1029 462 1062 actum
493 1030 586 1071 erat,
616 1031 657 1062 ut
687 1024 893 1076 hospitibus
924 1026 1024 1062 cultu
1049 1038 1089 1062 se
1110 1038 1177 1062 suo
1197 1024 1295 1062 festo

113 1092 332 1140 exhiberet3
369 1105 477 1143 quum
516 1094 612 1144 apud
643 1093 886 1130 Theocritum
926 1106 972 1130 ne
1003 1092 1187 1142 Daphnidi
1217 1092 1296 1143 qui-

111 1159 207 1206 dem,
238 1159 300 1210 qui
330 1159 376 1206 ei,
408 1161 478 1198 deo
496 1174 564 1198 suo
587 1160 750 1205 tutelari,
782 1159 942 1197 fistulam
962 1160 1115 1212 legabat
1133 1160 1294 1198 moriens

111 1227 142 1274 l,
175 1231 268 1266 123.
302 1232 395 1274 128,
425 1241 505 1266 cum
536 1228 671 1265 solatio
687 1228 849 1275 adesset,
881 1233 1105 1278 propterque
1123 1228 1295 1266 immitem

113 1299 284 1333 naturam
313 1308 417 1333 suam
447 1309 470 1333 a
499 1296 709 1346 pastoribus
739 1295 1045 1333 refonnidaretur
1075 1297 1102 1343 l,
1139 1301 1208 1335 17:

246 1391 291 1396 -—
314 1391 358 1396 —
382 1391 426 1397 —-
449 1391 495 1398 —
519 1373 582 1407 Est
606 1372 634 1406 is
659 1374 813 1414 acerbus,

245 1428 329 1462 Bilis
353 1440 488 1473 semper
512 1429 543 1463 ei
565 1429 761 1472 residetque
785 1429 819 1462 in
843 1428 980 1461 naribus
1004 1427 1104 1460 acris.

110 1507 272 1548 Rubra
297 1511 446 1557 facie,
486 1509 604 1559 qualis
640 1508 717 1556 hic,
760 1508 795 1545 in
834 1508 911 1546 lata
945 1507 1181 1558 expositione
1211 1506 1294 1544 Silii

110 1576 214 1626 ΧΙΙΙ,
247 1581 328 1616 332
358 1577 438 1615 Pan
468 1575 718 1627 conspicitur:

243 1665 294 1698 Ac
317 1676 422 1708 parva
445 1667 625 1707 erumpunt
650 1664 835 1696 rubicunda
860 1674 987 1696 cornua
1012 1663 1132 1696 fronte.

111 1744 232 1784 Plane
278 1745 454 1783 rubentes
501 1745 701 1783 secundum
754 1744 945 1781 Horatium
985 1743 997 1779 1
1040 1746 1121 1780 Sat.
1162 1748 1207 1788 8,
1252 1747 1289 1790 5,

109 1812 277 1851 Ovidium
308 1814 425 1859 sicet.
459 1813 525 1858 vl,
560 1818 636 1850 333
670 1811 796 1862 Priapi
834 1816 940 1849 erant
970 1811 1151 1864 imagines
1180 1810 1290 1847 rusti-

110 1892 199 1926 ωας
242 1884 280 1917 et
309 1880 435 1930 Satyri
465 1879 647 1916 rubebant
677 1879 852 1917 l'hilostr.
884 1882 992 1916 icon.
1025 1880 1058 1924 l,
1092 1884 1164 1924 203
1196 1879 1289 1915 Bac-

110 1947 200 1984 chus
238 1959 383 1998 quoque
420 1946 456 1983 iu
496 1946 616 1997 signis
655 1947 841 1985 veteribus
880 1946 991 1983 l'aus.
1025 1946 1087 1982 vll
1129 1960 1164 1996 p.
1194 1949 1288 1984 452.

110 2014 195 2052 Vll!
227 2029 262 2066 p.
294 2017 392 2054 520:
426 2014 460 2050 in
492 2028 556 2052 ore
588 2014 679 2051 idem
712 2020 748 2051 et
780 2014 899 2051 Diana
931 2013 1090 2064 Ephesia
1120 2012 1155 2049 in
1187 2016 1288 2050 vete-

111 2081 213 2119 ribus
243 2095 290 2120 ox
322 2082 426 2134 ligno
457 2080 576 2131 signis
609 2082 718 2119 l'aus.
753 2082 782 2118 ll
816 2097 849 2132 p.
882 2088 952 2125 88,
995 2082 1143 2130 leoque,
1175 2093 1288 2132 argu-

109 2153 268 2187 mentum
302 2149 435 2186 Bacchi
465 2148 656 2200 Frugiferi
687 2149 824 2186 Arnob.
859 2149 902 2185 vl
936 2164 971 2200 p.
1004 2154 1082 2188 190·
1104 2147 1154 2199 ⁰).
1199 2147 1286 2186 ‚lovi

199 2258 233 2301 ⁰)
260 2264 483 2302 aryunwntnm
506 2260 624 2293 eadem
648 2258 781 2292 dicendi
807 2262 986 2302 potestate,
1013 2268 1078 2300 qua
1103 2257 1190 2301 apud
1215 2257 1287 2291 Pli-

1024 2310 1069 2342 14
1101 2306 1119 2325 ⁰
