1515 2620
477 123 482 125 ’
506 135 712 176 scLoGA
741 136 841 183 vni,
871 140 938 176 68.
1227 143 1310 180 157

124 248 301 287 Eandem
339 249 564 302 vertiginem
601 248 818 286 stamineam
849 248 944 285 alias
974 259 1121 298 quoque
1150 246 1312 297 Proper-

71 351 75 353 .
125 315 200 353 tius
228 316 301 362 ΙΙΙ,
342 321 386 361 6,
428 321 480 355 26
511 316 635 354 novit:

329 386 504 419 Staminea
527 386 660 418 rhombi
684 384 819 417 ducitur
842 384 901 417 ine
924 390 1009 417 rota.

126 449 174 485 Et
203 448 380 486 Lucanus
410 449 478 494 vl,
510 454 610 487 460:

329 519 528 552 Traxerunt
551 518 632 551 torti
659 517 792 558 magica
816 517 985 559 vertigine
1009 517 1068 549 fili.

129 581 329 619 Habebunt
365 594 530 632 quoque,
572 594 638 631 pro
669 581 858 632 vertigine
888 593 936 617 ex
967 593 1054 617 aere
1085 582 1313 616 Graecorum

127 648 277 699 magica
314 654 380 685 aut
417 649 528 686 etiam
566 647 749 685 nobiliore
788 647 964 690 materia,
1002 659 1105 683 suam
1143 646 1314 683 aniculae

127 714 281 752 Italicae
311 728 425 766 saepe
455 729 503 753 ex
533 715 679 766 plumbo
710 719 871 759 tantum3
917 725 1135 763 quamquam
1165 713 1313 749 Macro-

128 781 211 818 bius
240 782 337 820 Sat.
373 783 423 828 V,
457 788 507 821 19
539 787 671 819 auctor
701 788 778 826 est,
811 781 857 818 ad
888 793 995 816 sacra
1025 785 1062 817 et
1093 779 1314 817 devotiones

128 861 219 885 vasa
257 848 433 898 imprimis
463 849 601 899 requiri
632 849 790 885 ahenea.
850 847 984 884 Talem
1016 846 1170 885 Ovidius
1200 846 1314 883 auim-

128 915 290 952 advertit
307 916 424 961 fast.
459 916 503 959 ΙΙ,
536 918 638 952 575:

333 985 425 1017 Tum
451 988 587 1017 cantata
610 984 696 1025 ligat
720 994 796 1016 cum
821 983 916 1016 fusco
942 984 1019 1024 licia
1044 985 1195 1027 plumbo.

128 1047 202 1086 Ubi
232 1045 425 1091 rhombo,
457 1047 516 1084 cui
548 1046 699 1083 lectioni
730 1047 906 1083 Heinsius
937 1047 1056 1092 favet,
1095 1060 1232 1084 merum
1263 1046 1318 1083 in-

132 1118 463 1165 terpretamentum
511 1127 594 1150 esse
630 1113 796 1158 videtur,
847 1114 893 1150 ad
927 1114 1102 1162 plumbo
1141 1114 1317 1151 additum.

129 1182 189 1217 Ex
219 1180 343 1218 allatis
377 1181 557 1231 exemplis
587 1179 694 1217 simul
725 1186 898 1230 apparet,
940 1183 1099 1218 (lucere
1130 1180 1318 1231 proprium

130 1247 241 1298 hujus
270 1247 490 1297 disciplinae
519 1247 636 1284 fuisse
666 1248 898 1291 vocabulum,
931 1261 951 1284 a
978 1248 1129 1284 rhombo
1150 1247 1319 1285 ducendo

130 1314 298 1365 petitum.
358 1315 441 1364 lpse
472 1315 658 1351 Pindarus
690 1314 807 1351 A'em.
843 1314 908 1360 IV,
943 1320 994 1354 56
1027 1316 1159 1352 babet:
1202 1316 1319 1366 lynge

131 1381 247 1418 ducor
291 1381 523 1431 praecordia.
586 1381 790 1425 Carmen,
840 1380 999 1418 formula
1036 1382 1171 1419 dicitur
1207 1382 1319 1419 devo-

131 1447 241 1485 vendi
273 1447 487 1493 barbarica,
519 1460 593 1484 una
622 1460 703 1484 cum
735 1447 937 1484 comitante
968 1448 1136 1498 turbine3
1168 1448 1199 1484 si
1230 1461 1320 1486 vera

131 1526 202 1550 nos
246 1513 358 1551 docet
400 1512 644 1563 σχολιαστὴς
688 1514 842 1563 Cruquii
888 1515 934 1551 nd
982 1515 1176 1552 Horatium
1211 1515 1317 1552 xvi!

129 1580 252 1631 Epod.
283 1594 320 1618 v.
351 1586 396 1627 73
437 1581 619 1618 turbinem
651 1580 779 1625 istum,
810 1581 957 1626 dicens,
989 1594 1163 1619 carmen
1193 1583 1320 1620 vocari

132 1644 443 1697 rhythmicum,
495 1647 778 1684 instrumentum
831 1648 878 1684 ad
924 1647 1106 1686 veneficia
1142 1649 1316 1699 rhythmi-

132 1726 236 1760 cum,
274 1714 372 1764 quod
410 1713 642 1752 velocissime
673 1714 708 1750 in
740 1727 781 1750 se
811 1719 973 1751 rotatum
1004 1721 1162 1753 mentem
1193 1729 1319 1754 aman-

130 1780 221 1817 tium
245 1793 392 1830 semper
422 1780 458 1817 in
484 1794 616 1831 gyrum
644 1780 761 1817 videri
780 1794 976 1831 peragere.
1036 1782 1178 1820 Lucani
1195 1784 1320 1821 Thes-

132 1846 215 1883 sala
245 1847 314 1891 vi,
348 1850 427 1884 685
460 1846 608 1884 fremitu
640 1846 773 1897 deligit
803 1847 956 1884 dissono
989 1854 1026 1885 et
1056 1849 1216 1895 immani,
1246 1863 1320 1900 quo

133 1912 481 1963 portentosissimae
522 1926 690 1963 quaeque
734 1913 895 1951 ferarum
935 1920 973 1952 et
1009 1929 1130 1954 rerum
1170 1923 1321 1954 natura-

133 1979 220 2016 lium
266 1992 380 2017 voces
425 1971 639 2018 miscentur.
713 1981 866 2031 Aliquos
910 1983 1036 2020 harum
1082 1983 1321 2021 formularum

134 2044 338 2096 peregriua
368 2047 600 2092 sonantium,
640 2048 687 2084 ad
718 2049 890 2086 membris
920 2049 1059 2086 luxatis
1091 2052 1321 2097 medendum,

135 2113 232 2148 Cato
283 2113 401 2162 major
453 2114 559 2150 nobis
607 2115 771 2152 servavit
819 2116 854 2152 in
903 2117 1154 2154 Oeconomico
1203 2118 1322 2155 (Lx.

134 2178 256 2215 Etiam
289 2178 522 2230 virgilianus
554 2194 685 2218 versus
716 2182 882 2220 Ducite
912 2184 965 2219 ab
996 2183 1104 2221 vrbe
1134 2212 1141 2221 .
1175 2212 1183 2222 .
1217 2213 1225 2221 .
1264 2197 1324 2222 so-

139 2245 197 2282 nis
236 2246 373 2284 ictuum
413 2247 557 2284 obtusis
595 2263 623 2284 u
662 2253 699 2284 et
728 2263 757 2286 a
787 2250 1008 2287 horriferum
1040 2264 1174 2302 inungue
1205 2251 1327 2290 tremi-
