1472 2620
189 176 392 215 ECLOGA
416 175 495 213 Vll.
526 175 830 214 ARGUMENT!
854 175 1132 215 NARRATIO.
1193 181 1254 222 69

78 289 182 328 verni
223 289 399 340 temporis
439 288 619 327 rationem
665 289 860 335 habemus,
914 287 1082 339 proxime
1124 287 1252 326 subse-

77 361 214 408 quente
243 370 341 394 anno
371 355 574 393 DCCXVI.

191 425 373 462 Caeterae
409 423 565 475 eclogae
597 418 765 473 (quarum
798 435 818 459 e
849 436 1000 460 numero
1036 422 1099 461 vix
1136 422 1250 473 ipsam

78 492 235 530 alteram
273 489 494 544 eximamus)
525 503 633 541 quum
664 494 866 540 temporum
898 503 919 526 a
950 490 1095 527 ratione
1125 503 1252 528 omnes

78 560 136 598 vel
175 559 358 611 originem
392 557 453 598 vel
489 557 648 596 colorem
687 570 790 594 suum
821 557 999 603 liabeant3
1043 559 1138 595 hane
1175 558 1252 608 qui-

78 627 159 664 dem
198 627 373 664 rusticam
409 638 492 664 esse
527 624 725 676 imaginem
767 637 978 669 censemus,
1021 637 1093 674 qua
1128 626 1252 662 adum·

78 693 226 739 bratur,
278 694 459 744 quomodo
489 697 574 744 post
602 697 766 729 terrores
796 692 888 728 istos
919 704 1051 728 secura
1080 692 1184 741 quies
1215 697 1253 729 et

77 765 210 799 cantus
240 761 287 799 ad
317 766 486 812 pastores
505 760 672 798 Andinos
702 759 866 796 redierit.
924 759 1158 811 Allegoricas
1189 772 1251 796 au-

78 833 151 866 tem
189 829 365 879 quasdam
402 828 438 866 i]
481 842 525 866 ea
568 826 862 880 significationes
898 825 1039 863 frustra
1081 840 1251 877 quaeras.

78 897 276 934 Theocriti
304 896 466 946 idyllium
497 901 665 933 octavum
697 909 769 932 non
808 898 860 931 ita
901 894 1149 944 descriptione
1180 895 1253 931 dis-

77 976 146 1014 par
176 968 251 1010 est3
297 975 369 1013 qua
398 962 543 1013 quidem
573 975 614 998 re
645 962 865 1014 ingeniosae
896 967 932 998 et
962 962 1185 1000 inventionis
1216 966 1253 999 et

78 1030 326 1082 expositionis
355 1030 436 1068 laus
466 1033 618 1067 nostrae
648 1030 804 1081 eelogae
829 1043 901 1066 non
924 1030 1042 1081 magis
1068 1030 1252 1075 minuitur,

78 1111 186 1148 quam
212 1097 451 1136 Theocriteis
481 1097 702 1135 detrimento
733 1096 802 1142 sit,
833 1096 863 1133 si
894 1110 974 1134 eum
1005 1097 1157 1148 perditis
1188 1111 1252 1135 ex-

78 1166 301 1218 emplaribus
331 1169 369 1204 et
397 1165 478 1217 ipsa
507 1163 680 1202 conferre
710 1176 913 1215 possemus.

451 1443 885 1482 Aunotaba.

194 1573 213 1606 1
246 1589 301 1597 -
332 1570 369 1606 5.
428 1566 505 1605 Res
535 1567 681 1619 agitur,
724 1581 797 1604 non
829 1580 936 1605 secus
966 1572 1077 1617 atque
1108 1568 1143 1604 in
1175 1572 1254 1606 ter-

79 1636 155 1675 tiae
191 1636 348 1688 eclogae
376 1649 411 1674 v.
444 1639 596 1680 1-6,
637 1635 672 1671 ἰη
711 1635 962 1672 communibus
1002 1635 1147 1685 pascuis
1190 1650 1253 1687 pu-

79 1704 175 1742 blice
204 1703 336 1742 locatis
360 1703 476 1740 Audis
503 1704 611 1755 pagi,
641 1715 754 1752 quae,
786 1703 830 1739 ad
856 1703 1054 1752 palustrem
1080 1703 1252 1740 Mincium

80 1785 210 1811 versus
247 1772 443 1822 depressa,
488 1771 598 1821 plena
634 1775 720 1806 sunt
757 1770 961 1821 graminum
1005 1770 1177 1807 alentium
1217 1777 1254 1808 et

82 1838 254 1877 fruticum
292 1843 329 1876 et
371 1838 618 1888 dispersarum
657 1837 840 1874 arborum.
914 1837 965 1874 lbi
1004 1850 1101 1874 nunc
1138 1851 1252 1876 veruo

84 1911 248 1957 tempore
290 1904 479 1942 inferioris
522 1903 662 1941 ordinis
705 1904 894 1954 agricolae
939 1909 1117 1955 pascunt,
1178 1906 1252 1956 qui,

84 1987 193 2025 quum
224 1972 323 2010 nulla
352 1985 420 2009 sua
450 1977 556 2023 prata
586 1972 760 2017 habeant,
812 1972 933 2022 qualia
966 1972 1110 2023 Virgilii
1148 1978 1254 2024 pater

85 2043 120 2088 l,
159 2045 224 2080 54.
264 2040 336 2085 ΙΧ,
375 2045 398 2078 9
443 2044 481 2076 et
525 2052 640 2076 senex
681 2040 878 2076 Palaemon
920 2040 988 2084 lll,
1031 2046 1102 2077 111
1145 2042 1253 2079 liabe-

85 2110 192 2156 bant,
248 2121 314 2159 pro
360 2108 467 2145 venia
516 2107 647 2158 publici
694 2107 818 2157 pascui
863 2107 1050 2158 magistris
1097 2108 1252 2159 scriptu-

87 2190 152 2215 rae
186 2176 282 2228 apud
311 2175 524 2226 publicanos
561 2175 746 2226 pen‹lunt;
791 2179 933 2212 aestate
970 2187 1079 2225 pecus
1117 2175 1150 2212 in
1182 2177 1253 2214 sal-

88 2248 147 2282 tus
177 2244 303 2296 agitur
343 2243 378 2289 l,
410 2247 460 2282 49
491 2265 545 2272 —
577 2247 640 2283 58.
675 2241 715 2286 V,
754 2247 818 2280 82.
885 2242 986 2279 Tres
1027 2242 1150 2279 horum
1191 2258 1253 2294 pa.

89 2316 230 2349 storum
266 2311 414 2349 Gaecae
452 2310 609 2363 originis
645 2308 841 2359 aliquando
874 2309 940 2346 sub
978 2323 1168 2360 vesperum
1207 2314 1253 2351 ad
