1515 2620
482 163 686 202 ECLOGA
719 163 790 210 ΙΧ,
824 168 1002 205 35-36.
1251 176 1334 214 17⁷

142 282 235 307 mam
267 275 412 308 nactum
444 285 540 319 esse,
571 279 614 311 ut
644 275 811 313 versibus
843 276 1055 314 celebratus
1085 277 1153 324 sit3
1191 283 1233 315 ut
1262 280 1331 318 viri

142 340 180 373 et
211 336 313 374 multi
345 342 384 375 et
412 339 578 384 nobiles,
609 339 710 377 inter
740 354 806 378 eos
839 342 940 378 lulus
970 343 1169 390 Antonius,
1202 345 1329 382 trium-

138 402 208 440 viri
245 402 342 440 filius
381 403 482 454 (nam
521 405 708 456 principes
749 407 909 444 Romani
941 409 1149 447 doctrinam
1178 424 1328 449 revere-

137 467 291 520 bantur)
323 470 360 506 in
392 472 473 522 ejus
503 472 667 509 scholam
698 473 890 520 venerint3
923 480 960 511 et
981 480 1023 512 ut
1039 476 1171 513 Verrio
1191 478 1326 515 Flacco

136 536 403 586 aequiparatus
451 537 512 574 sit.
583 538 740 576 Carmen
784 539 873 576 illud
911 541 956 577 de
995 547 1105 591 partu
1143 544 1325 581 Adonidis

135 602 288 653 agebat,
320 615 427 652 quem
460 605 619 653 Smyrna
649 605 728 644 sive
749 606 903 655 Myrrha
934 619 981 643 ex
1012 620 1080 644 suo
1112 608 1229 658 ipsius
1260 623 1324 659 pan

133 671 192 705 tre
238 668 367 706 edidit.
426 671 531 708 Hanc
573 670 720 720 quidem
757 684 833 708 rem
872 685 1003 710 versus
1040 673 1098 710 hic
1134 674 1322 712 Prisciani

132 734 201 781 vl,
249 739 299 773 16
339 749 374 785 p.
408 740 490 775 277
519 749 548 774 s·
581 737 682 774 nullo
713 738 821 774 modo
853 738 1063 775 addubitari
1093 739 1202 784 sinit,
1241 740 1320 778 sive

130 800 301 852 legatur:

287 873 333 905 At
356 874 468 905 scelus
492 872 623 906 incesto
650 873 798 914 Cinyrae
823 874 1000 907 crescebat
1022 873 1057 907 in
1082 876 1180 916 alvo;

128 933 220 981 sive,
252 934 351 983 quod
382 935 582 972 emendare
611 936 691 973 vult
721 936 970 982 Burmannus,
1000 938 1217 987 Smyrnae
1248 952 1314 989 pro

130 1000 350 1051 Cinyrae:

261 1070 308 1103 At
331 1071 442 1104 scelus
466 1070 596 1105 incesto
622 1072 790 1113 Smyrnae
815 1073 990 1106 crescebat
1014 1073 1049 1106 in
1074 1073 1163 1107 alvo,

126 1133 243 1178 Sunt,
274 1133 336 1183 qui
366 1133 534 1172 Helvium
567 1134 741 1181 Cinnam,
775 1135 960 1172 tribunum
992 1137 1120 1186 plebis,
1154 1136 1309 1174 Cinnam

125 1203 294 1236 nostrum
331 1212 414 1237 esse
446 1200 684 1246 existiment,
723 1214 848 1251 quem,
888 1203 1030 1239 Caesar
1059 1215 1167 1252 quum
1200 1203 1308 1240 effer-

123 1270 248 1311 retur,
293 1266 353 1303 cui
389 1265 515 1304 fuerat
545 1268 705 1312 amicus,
752 1268 856 1318 plebs
885 1268 1067 1305 seditiosa
1098 1273 1135 1305 et
1166 1270 1307 1306 Corne-

97 1331 210 1371 llium
251 1345 335 1371 esse
373 1333 531 1370 Cinnam
569 1339 779 1384 praetorem
818 1335 990 1384 opinata,
1037 1334 1196 1372 necavit.
1257 1336 1307 1371 At

122 1398 309 1436 nominum
354 1400 560 1449 aequalitas
600 1400 688 1436 nihil
729 1414 796 1437 nos
835 1401 971 1437 docere
1009 1404 1152 1449 potest3
1195 1412 1303 1449 quum

120 1478 241 1515 neque
271 1465 442 1502 tribunus
472 1479 494 1502 a
524 1479 706 1516 quoquam
737 1471 898 1515 quatuor
927 1465 1207 1510 historicorum,
1240 1465 1302 1515 qui

119 1532 200 1583 cJus
231 1532 453 1568 mentionem
484 1531 638 1577 faciunt,
670 1531 776 1582 quasi
807 1532 955 1569 celeber
984 1532 1046 1568 ille
1075 1535 1200 1580 poeta,
1232 1544 1301 1568 nec

117 1602 250 1636 contra
280 1602 391 1648 poeta
421 1611 444 1635 a
473 1598 746 1643 Grammaticis,
777 1604 849 1635 tam
873 1598 1009 1634 eximia
1034 1609 1126 1634 nece
1143 1596 1299 1646 perisse,

116 1664 301 1702 laudetur.
362 1664 449 1700 Veri
486 1664 641 1700 similius
672 1669 751 1708 cst,
797 1664 854 1700 vel
884 1663 973 1700 anni
1004 1662 1175 1699 DCCXV
1205 1663 1297 1701 Par-

115 1731 252 1768 tliinam
290 1730 409 1767 Asinii
447 1730 630 1767 Pollionis
661 1729 935 1780 expeditionem
968 1733 1114 1779 poetam
1146 1729 1295 1767 vidisse.

115 1797 208 1834 Nam
245 1809 294 1834 ex
333 1797 414 1847 ejus
450 1797 753 1843 Propempcico
792 1796 1010 1832 Pollionis
1041 1808 1171 1833 versus
1201 1808 1294 1832 non-

114 1862 204 1899 nulli
248 1867 449 1912 supersunt
494 1859 707 1911 (Gr-amm.
748 1859 926 1901 Pulsa-le.
965 1874 999 1910 p.
1039 1866 1091 1900 99
1130 1861 1292 1900 Barth.

112 1931 210 1966 arlo.
244 1928 312 1974 lv,
346 1928 436 1978 20),
469 1940 622 1977 quorum
654 1932 911 1978 argumentum
942 1941 964 1963 a
995 1927 1165 1977 precibus
1196 1929 1291 1965 voti-

111 1995 168 2033 vis
198 1994 234 2031 in
265 1993 534 2044 profectionem
566 1995 664 2031 illius
694 2007 775 2031 cum
805 1994 927 2030 multis
953 1993 1099 2032 exuviis
1122 2006 1169 2030 ex
1193 1993 1288 2029 bello

111 2060 266 2099 redituri
305 2060 409 2097 ducis
440 2061 548 2110 plane
580 2074 652 2097 non
685 2061 871 2098 abhorret.
933 2060 1009 2097 Nec
1039 2058 1185 2095 dubium
1217 2062 1286 2103 est,

110 2127 197 2178 quin
247 2126 402 2164 Cinnam
447 2127 663 2178 diligentem
701 2126 839 2163 artifex
880 2124 1016 2163 foverit
1053 2138 1127 2161 non
1165 2124 1284 2161 minus

109 2192 416 2245 diligentissimus
446 2193 597 2230 Asinius
629 2193 748 2229 Pollio
780 2193 841 2236 ΙΙΙ,
874 2196 939 2236 86,
970 2190 1032 2240 qui
1062 2189 1171 2227 etiam
1194 2190 1284 2226 ado-

107 2259 254 2298 lescens
283 2271 396 2310 saepe
426 2259 523 2296 illum
555 2259 651 2309 apud
682 2258 877 2304 Catullum,
908 2256 1101 2306 utriusque
1130 2255 1284 2292 autricum

1070 2316 1114 2349 12
