1515 2620
169 143 255 182 170
503 137 707 174 ECLOGA
739 137 806 182 lx,
839 142 1017 177 21—25.

167 249 248 288 dnm
291 248 390 293 (viro
429 247 491 284 isti
530 248 676 287 evirato
715 261 792 285 non
832 249 984 286 multum
1014 250 1250 299 dissimilem,
1287 254 1351 304 qui

165 317 299 368 pileum
332 314 474 364 pellicis
505 327 596 352 suae
627 315 857 352 amatorculo
889 314 1015 353 furtim
1037 317 1236 369 surripuit)
1267 332 1350 358 ear-

165 397 245 420 men
285 383 382 418 inter
420 382 579 418 eundum
617 382 856 420 decantatum
895 383 989 420 satis
1028 384 1165 422 habere
1196 386 1348 424 auribus

164 451 208 487 ah
240 462 285 486 eo
316 448 455 486 furari:
497 449 629 495 dicite,
668 449 888 487 facetiarum
920 450 1196 502 intelligentes,
1228 457 1351 489 utm-

163 529 247 554 esse
271 516 456 567 jocosiuS.
516 517 619 558 Quot
648 517 812 554 carmina
843 517 1052 567 pastoritia,
1084 518 1219 556 tertiae
1243 531 1352 569 prae-

162 584 288 621 sertim
320 590 358 620 et
389 584 569 634 septimae
600 585 779 636 eclogae,
811 591 902 634 quot
933 583 1114 630 artificia,
1145 598 1241 636 quae
1270 585 1351 622 imi-

161 651 301 688 tamina
333 658 460 688 essent
491 651 673 697 veritatis,
706 652 803 700 apud
831 652 1026 689 Horatium
1054 658 1091 689 et
1108 652 1204 690 alios
1220 665 1350 691 crasse

161 731 209 756 ex
241 719 351 755 litera
381 718 608 769 interpretes
636 719 873 769 interpretati
899 721 1004 756 sunt!
1037 719 1204 769 Nuper,
1238 732 1350 770 quum

159 784 264 822 fundi
299 786 495 837 Virgiliani
528 786 688 822 nondum
722 793 950 823 metueretur
980 787 1217 832 distributio,
1250 786 1348 824 festo

160 853 317 903 quodam
349 852 427 897 die,
466 852 598 897 credo,
638 867 704 903 per
733 860 970 891 auctumnum
1001 860 1067 892 aut
1097 854 1249 891 hiemem
1280 865 1350 905 ge-

161 921 294 957 nialem
333 920 403 956 Lb.
444 919 479 965 l,
528 925 627 964 301,
671 921 706 957 in
745 921 869 972 agris,
912 935 984 971 quo
1015 928 1148 958 cantus
1178 926 1348 958 amantes

159 987 266 1024 amici
304 987 359 1024 sic
390 1000 410 1024 e
441 986 597 1032 vicinia,
636 993 676 1023 ut
705 988 751 1024 ad
784 988 1012 1038 praediolum
1046 988 1193 1025 Horatii
1224 990 1347 1024 Serm.

158 1054 211 1099 ΙΙ,
250 1059 296 1100 6,
337 1059 388 1093 65
429 1060 518 1091 ante
556 1054 689 1091 Larem
727 1054 964 1099 familiarem,
1004 1055 1151 1092 evocati
1182 1054 1348 1100 fuerant,

158 1121 300 1158 Moeris
331 1121 447 1158 alacri
478 1125 600 1157 animo
633 1135 745 1158 unum
777 1135 824 1158 ex
850 1122 1076 1159 carminibus
1095 1122 1246 1173 juvenis
1267 1121 1348 1158 Vir-

158 1189 241 1240 gilii
279 1188 523 1233 recitavernt,
564 1189 661 1238 quod
694 1189 858 1238 Lycidas
888 1190 1104 1226 auscultans
1135 1189 1349 1226 memoriter

157 1256 322 1293 tenebat.
411 1256 602 1293 A'ostras
654 1258 865 1299 delicias,
939 1264 1106 1293 nostrum
1170 1269 1347 1301 amorem,

156 1322 280 1360 fictam
313 1323 404 1360 dicit
434 1324 598 1373 Lycidas
629 1324 931 1375 Amaryllidis
962 1325 1142 1374 speciem:
1174 1323 1348 1374 quoniam

157 1389 230 1426 isto
275 1404 346 1426 non
380 1391 499 1427 minus
530 1404 664 1441 saepe,
712 1405 818 1441 quum
852 1391 1030 1441 Phyllidis
1061 1392 1133 1437 lll,
1182 1396 1248 1430 76.
1281 1396 1347 1430 78.

161 1461 261 1500 107,
306 1456 454 1492 nomine
500 1458 666 1494 Veneres
706 1472 794 1495 suus
836 1465 1008 1508 pastores
1047 1459 1083 1495 in
1121 1458 1348 1495 carminibus

157 1521 424 1573 significabunt
457 1523 500 1568 ll,
538 1529 599 1562 14.
634 1524 695 1569 ΙΙΙ,
729 1529 801 1569 813
834 1525 1039 1574 eodemque
1070 1526 1238 1562 nimirum
1271 1525 1345 1573 Ly-

158 1590 261 1626 cidns
310 1603 457 1638 quoqne
495 1603 597 1626 sunm
638 1591 673 1626 in
715 1591 887 1627 versibus
930 1592 1127 1642 designat,
1171 1591 1347 1628 carminis

158 1655 287 1693 rustici
321 1656 502 1707 magister
533 1671 566 1695 v.
601 1661 668 1695 32.
727 1660 786 1695 Se
806 1659 960 1704 serre,
995 1671 1036 1695 se
1061 1659 1228 1708 jactare:
1271 1659 1348 1695 ala-

157 1737 255 1761 crem
289 1723 449 1759 habitum
482 1723 601 1775 pingit
628 1725 798 1774 speviosc
821 1725 1043 1762 incedentis.
1107 1726 1254 1774 Caper
1275 1739 1350 1774 pe-

157 1793 323 1835 sulcus,
365 1791 425 1841 qui
465 1805 513 1828 ex
547 1792 756 1829 Theocrito
788 1792 978 1829 desumtus
1010 1799 1088 1838 est,
1130 1799 1188 1830 est
1218 1792 1349 1844 aiiiplis

157 1859 353 1904 cornibus,
397 1859 493 1897 villis
534 1860 626 1897 albis
659 1866 695 1897 et
727 1861 903 1911 prolixis,
949 1862 994 1898 de
1024 1874 1167 1914 genere
1199 1874 1348 1912 caprae,

157 1940 264 1977 quom
307 1939 403 1963 nunc
443 1927 589 1972 dicunt,
631 1928 881 1980 Angolensis3
926 1929 1044 1966 Siculi
1082 1943 1162 1966 eam
1194 1936 1231 1966 et
1265 1929 1347 1966 ltali

156 2007 203 2032 ex
241 1994 372 2032 Africa
409 1995 594 2031 habehant
627 1996 695 2032 Lh.
730 1997 798 2041 lll,
844 2003 939 2036 311.
999 1997 1056 2034 Ad
1089 1996 1346 2047 expulsionem

156 2062 307 2114 Virgilii
351 2075 502 2100 carmen
550 2065 619 2100 hoc
668 2077 786 2114 nuper
831 2069 1020 2101 cantatum
1061 2078 1134 2101 non
1173 2063 1347 2101 allusisse

156 2138 324 2182 poterut3
371 2131 464 2168 alias
502 2131 619 2176 euim,
664 2138 705 2168 ut
742 2132 905 2182 reliquas
943 2131 1103 2181 ineptias
1143 2138 1346 2176 taceamus,

157 2212 230 2236 non
281 2199 391 2236 hodie
436 2199 581 2236 demum
619 2198 786 2247 Lycidas
822 2212 902 2236 enm
941 2198 1128 2235 demirans
1164 2198 1347 2236 audisset.

157 2267 213 2303 Au
244 2266 411 2316 Lycidas
441 2278 556 2311 nunc,
602 2266 722 2304 locum
755 2267 851 2304 huuc.
879 2266 1054 2303 carminis
1083 2265 1250 2318 eligens,
1288 2270 1344 2304 ta·
