1472 2620
197 177 250 215 12
541 170 741 208 ECLOGA
772 171 838 217 w,
878 175 1011 210 6—8.

193 281 375 328 sortasse,
415 295 519 332 quem
551 282 726 319 Horatius
756 283 824 320 Od.
855 283 889 328 Ι,
923 287 985 320 18.
1025 282 1142 332 Epod.
1174 286 1211 321 5.
1248 283 1359 329 canit,

194 355 232 388 et
247 349 498 391 Quintilianus
514 348 562 394 X,
595 354 632 394 3,
662 354 699 387 8.
730 364 764 400 p.
782 355 873 388 241.
905 355 1034 386 testem
1065 348 1155 386 citat
1185 350 1229 387 de
1259 351 1360 388 lenta

193 417 340 469 Virgilii
369 429 503 466 opera,
553 416 810 468 Pliilargyrius
846 423 967 455 autem
1004 415 1049 452 ad
1080 415 1157 453 Ecl.
1188 416 1241 461 ΙΙ,
1292 422 1359 456 70.

192 484 296 535 quasi
334 483 570 533 interpretem
602 482 768 535 Virgilii)
809 485 902 521 hunc
932 483 1116 528 eumdem,
1158 496 1262 534 quem
1293 497 1360 521 uo·

193 558 306 589 strum
341 550 511 588 Alfenum
550 553 701 596 Varum,
750 550 883 597 fuisse,
928 565 1001 587 non
1039 563 1180 603 negare
1219 551 1359 588 audeo:

191 632 406 670 quamquam
444 618 479 655 in
519 618 618 655 tenui
656 618 970 655 verisimilitudine
1008 631 1148 670 negare
1178 625 1214 655 et
1245 619 1360 655 tutius

191 691 229 724 et
266 686 410 724 acutius
454 685 578 722 haberi
625 685 731 722 solet.
804 685 947 727 Quodsi
987 686 1081 722 Cato
1127 686 1278 736 aliquis,
1328 686 1360 722 si

189 754 340 799 Brutus,
371 753 402 790 si
434 752 562 797 Varro,
593 752 624 788 si
641 752 802 797 Asinius,
835 753 866 789 si
897 753 1025 790 Gallus
1055 752 1219 790 bellicam
1239 753 1360 790 scien-

190 822 276 859 tiam
316 834 395 858 cum
432 819 661 870 philosophia
697 820 926 871 conjungere
965 826 1182 871 potuerunt3
1232 820 1359 870 quidni

191 890 245 928 L.
283 888 472 935 Alfenus
518 887 685 926 Varus?
759 886 934 924 Profecto
979 887 1148 925 Donatus
1193 887 1358 935 servius,

190 958 353 1001 Phocas,
391 968 481 991 sane
511 960 594 1004 post
624 954 850 1004 antiquiores
887 961 1076 1001 auctores,
1115 961 1229 992 testes
1260 961 1358 994 sunt,

192 1030 229 1062 et
259 1029 422 1060 nostrum
455 1023 588 1058 Varum
620 1028 657 1058 et
688 1022 879 1073 Virgilium
911 1037 943 1061 v.
977 1029 1039 1060 31.
1074 1026 1253 1072 Syronem
1273 1023 1357 1074 Epi-

191 1105 351 1136 cureum,
382 1089 506 1141 magni
538 1088 670 1125 factum
703 1104 724 1125 a
742 1090 922 1127 Cicerone
954 1103 1018 1138 ep.
1040 1092 1154 1136 fam.
1186 1091 1246 1135 w,
1282 1097 1356 1137 11.‚

192 1162 242 1197 de
260 1160 343 1205 fin.
368 1159 413 1203 ll,
441 1162 529 1195 119.
559 1154 603 1208 [c.
628 1153 723 1208 35.],
748 1157 914 1194 audisse:
946 1157 1042 1207 quod
1068 1158 1358 1196 commodissime

189 1239 336 1264 causam
368 1225 502 1261 docere
534 1237 641 1273 posse
671 1224 827 1269 videtur,
862 1226 957 1261 Varo
990 1224 1091 1261 militi
1123 1225 1356 1275 quamobrem

189 1299 335 1332 cantum
369 1291 545 1343 Virgilius
581 1291 632 1327 ita
662 1291 706 1327 ab
737 1291 928 1341 Epicureis
965 1292 1172 1342 praeceptis
1210 1292 1356 1329 ordien-

187 1366 260 1398 tem
298 1361 342 1397 de
380 1372 499 1395 rerum
536 1359 682 1409 origine
720 1359 963 1402 dcdicaverit3
1002 1359 1215 1409 praesertim
1248 1372 1355 1410 quum

188 1428 295 1466 etiam
328 1426 456 1463 Gallus
487 1425 631 1461 additus
662 1438 708 1462 ex
740 1426 892 1462 asseclis
923 1433 1021 1462 essct
1044 1427 1191 1476 Epicuri
1222 1440 1256 1465 v.
1288 1431 1354 1464 64.

186 1496 314 1544 ltaque
352 1506 416 1543 per
452 1492 558 1529 dubie
597 1493 761 1529 lucentcs
799 1493 975 1530 historiae
1012 1493 1186 1543 reliquias
1223 1494 1268 1531 ad
1298 1494 1353 1532 L.

187 1562 396 1609 Alfenum
445 1560 603 1599 Tarum
639 1560 793 1610 aliquem
832 1561 1123 1611 pervenerimus,
1169 1562 1230 1612 qui
1267 1562 1355 1613 Epi-

187 1630 264 1669 curi
295 1634 492 1680 praccepta
521 1627 748 1672 sectabatur,
781 1634 817 1664 et
849 1642 915 1678 pro
946 1630 1117 1666 Caesaris
1148 1630 1353 1667 rationibus

186 1697 223 1734 in
260 1697 371 1734 armis
410 1700 501 1732 erat.
573 1695 770 1745 l'erperam
818 1695 852 1732 id
891 1696 934 1733 de
974 1697 1169 1747 ingenioso
1206 1697 1351 1748 Virgilii

187 1764 305 1802 amico
339 1764 551 1806 Quintilio
583 1763 838 1807 Cremonensi,
878 1764 937 1813 qui
977 1777 1043 1800 nec
1072 1764 1228 1801 bellator
1258 1770 1349 1810 erat,

186 1845 255 1869 nec
286 1831 404 1867 Varus
434 1831 703 1881 appellabatur,
735 1831 969 1881 interpretari
1000 1832 1110 1876 velle,
1149 1845 1265 1881 aeque
1295 1832 1349 1869 in—

186 1899 321 1937 sulsum
353 1905 429 1942 est,
468 1905 576 1947 atque
607 1911 685 1934 cum
728 1898 852 1936 Vario
884 1903 991 1948 poeta
1024 1899 1094 1943 lx,
1133 1905 1183 1937 35
1217 1900 1347 1936 Varum

187 1967 442 2010 commiscere,
475 1971 530 2005 ct.
562 1966 665 2015 cujus
696 1978 828 2001 causac
853 1965 1075 2015 Pomponius
1098 1967 1237 2016 culpam
1263 1967 1346 2003 sub-

185 2035 248 2080 iit,
297 2047 375 2071 cum
420 2033 498 2070 viro
543 2033 652 2069 docto
699 2033 760 2069 M.
808 2033 1007 2071 Terentio
1056 2034 1254 2072 Varrone.
1293 2055 1346 2062 —

186 2103 324 2146 Erunt,
355 2114 375 2137 ο
399 2101 505 2144 varo,
537 2101 596 2149 qui
629 2102 782 2138 laudes
807 2100 1032 2138 fortitudinis
1053 2108 1137 2137 tuae
1152 2104 1343 2150 cupiant,

185 2168 270 2206 freti
309 2174 346 2206 et
383 2168 468 2205 clati
505 2167 641 2205 viribus
679 2168 774 2213 suis,
814 2169 944 2212 ordiri,
982 2176 1017 2205 et
1048 2171 1198 2205 tristia
1229 2169 1345 2206 bella

183 2235 431 2274 Romanorum
471 2235 669 2286 principum
707 2249 739 2273 v.
772 2242 809 2274 3.
840 2237 1039 2281 condere,
1086 2241 1226 2273 structo
1265 2249 1343 2273 car-

184 2303 281 2342 mine
310 2303 414 2354 epico
445 2316 589 2341 canere.
650 2303 731 2353 lpsc
761 2316 848 2341 vero
874 2304 1046 2342 rusticum
1066 2316 1211 2342 carmen
1230 2303 1343 2341 inter-
