1515 2620
237 181 323 222 222
584 173 790 212 ECLOGA
807 172 857 222 X,
889 176 1067 214 55-58.

235 288 428 332 nuntiare,
460 290 699 338 potiusque
734 285 772 323 in
802 285 995 324 saltibus
1026 286 1082 323 his
1112 286 1310 335 solitariis,
1349 287 1418 326 sub

235 358 394 395 lustris
423 354 592 401 saxosis,
622 354 754 391 sitiens
784 366 902 391 meum
932 353 1155 391 desiderium
1180 359 1301 402 pati,
1343 370 1419 394 uo·

233 436 415 474 metaque
458 429 634 460 amatae
677 421 715 459 in
764 421 919 459 arbores
966 422 1143 460 incidere.
1210 423 1418 471 Spelaea,

233 485 426 541 σπήλαια,
458 504 524 541 pro
556 489 703 527 tritiore
720 491 970 537 speluncae,
1005 489 1289 542 peregrinitatis
1305 502 1420 528 causa

233 559 436 604 delectum,
474 558 590 609 ipsius
621 557 718 596 Galli
757 557 793 595 in
833 558 910 595 Ciri
950 571 984 596 v.
1016 562 1097 596 467
1135 558 1320 608 exemplo.
1377 557 1419 596 ln

233 626 420 663 montibus
450 625 643 663 Arcadicis
673 639 747 662 non
780 629 884 675 apri
916 631 1056 663 tantum
1086 639 1122 663 v.
1155 630 1221 671 56,
1252 625 1319 663 sed
1338 625 1420 675 lyn-

233 707 296 732 ces
327 693 437 731 etiam
468 699 506 731 et
535 695 611 730 ursi
644 692 795 730 fuerunt
828 693 923 739 vm,
956 700 992 732 3.
1052 694 1250 730 Amatores
1280 692 1421 731 Graeci

232 763 271 799 in
302 761 525 812 parietibus,
565 761 602 798 in
634 761 835 798 corticibus
865 761 1037 798 arborum
1068 767 1105 798 et
1134 760 1235 798 foliis
1264 760 1419 799 validio-

232 829 335 867 ribus
365 835 511 867 amatae
542 842 675 866 nomen
702 829 891 866 delineare
909 829 1091 874 solebant,
1123 828 1298 879 pulchrae
1313 840 1420 879 prae-

233 896 422 934 dicatione
451 896 595 942 addita,
627 895 818 946 Κυδίππη
853 895 968 947 καλὴ,
1002 898 1200 948 Cydepe
1212 893 1418 944 pulchra,

235 964 378 1003 Callim.
413 965 482 1011 fr.
529 965 604 1010 C13
664 977 777 1015 saepe
823 978 998 1015 quoque,
1055 965 1086 1002 si
1131 965 1308 1016 majorem
1353 964 1419 1001 ha-

233 1033 366 1070 berent
405 1032 442 1069 in
481 1032 683 1070 corticibus
713 1031 898 1069 scribendi
929 1032 1237 1070 exercitationem
1268 1032 1319 1079 V,
1353 1036 1417 1076 13,

231 1100 441 1153 longiorem
474 1096 600 1152 ῥῆσιν,
633 1100 776 1151 qualem
807 1101 903 1151 apud
933 1100 1180 1138 Theocritum
1196 1099 1332 1145 xvnl,
1363 1104 1419 1138 47

233 1168 400 1206 Helenae
429 1168 584 1205 comites
614 1167 652 1205 in
683 1168 853 1218 platano:

278 1258 457 1299 Sculpetur
479 1258 582 1299 siquis
604 1258 637 1289 in
661 1258 792 1297 cortice,
817 1259 1021 1299 praeteriens
1044 1261 1078 1288 ut

277 1315 404 1346 Dorica
427 1315 553 1356 scripta
577 1314 684 1356 ἱεραῖς
715 1314 872 1346 screare:
898 1315 1045 1346 Helenae
1067 1313 1146 1346 haec
1169 1324 1226 1356 09⁰
1248 1314 1378 1356 planta.

231 1406 416 1444 Amores
446 1405 518 1442 dici
547 1410 673 1456 potest
703 1413 866 1451 amata,
899 1406 1006 1457 cujus
1036 1419 1185 1443 nomen
1211 1419 1290 1443 cum
1308 1405 1418 1443 arbo-

232 1474 334 1510 ribus
372 1473 519 1509 crescit.
579 1474 636 1509 lta
666 1474 788 1511 Ovidii
826 1473 989 1523 loquitur
1028 1476 1183 1511 Oenone
1219 1473 1265 1511 de
1302 1472 1418 1526 fagis,

232 1540 269 1578 in
301 1540 432 1591 quibus
463 1539 571 1576 Paris
602 1553 733 1576 nomen
765 1541 846 1591 ejus
876 1541 1051 1587 sciderat,
1082 1542 1193 1579 Iler.
1226 1542 1270 1587 V,
1302 1546 1374 1580 23:

324 1641 368 1671 ΕΙ
393 1643 548 1681 quantum
572 1640 691 1680 trunci,
716 1643 843 1671 tannim
866 1650 937 1671 mea
962 1643 1094 1672 nonnum
1116 1646 1285 1674 crescium:

509 1696 664 1736 Crescite,
690 1700 720 1728 c!
744 1697 777 1727 ἑη
801 1696 915 1728 titulos
937 1698 1061 1738 sin-grim
1085 1701 1174 1729 recta
1198 1708 1297 1729 meos.

233 1777 310 1814 Sed
348 1789 437 1813 usus
476 1775 705 1828 Virgilianus
745 1776 915 1814 validiori
955 1775 1056 1814 favet
1100 1778 1329 1816 sententiae:
1377 1783 1417 1815 ut

231 1858 314 1883 cuni
343 1844 552 1889 arboribus,
584 1857 678 1894 quae
709 1843 985 1882 confessionem
1004 1844 1129 1882 ferunt
1151 1845 1301 1891 amoris,
1335 1845 1414 1896 ipse

233 1927 368 1958 amor,
399 1911 621 1949 desiderium
650 1911 743 1964 fuga
772 1913 934 1963 elapsae,
966 1919 1168 1951 accrescat.

404 1984 598 2019 55—58.
659 1981 753 2017 Dum
792 1981 903 2019 vitam
941 1982 1035 2018 hanc
1070 1995 1145 2034 ago
1184 1981 1418 2032 tranquillam

233 2048 417 2087 Arcadiae
449 2048 545 2085 inter
576 2048 739 2085 carmina
758 2056 946 2099 pastorum
967 2058 1003 2087 et
1021 2049 1240 2086 desiderium
1263 2049 1413 2094 amoris,

235 2116 385 2155 varians
417 2129 503 2167 ego,
535 2117 642 2152 inodo
675 2116 877 2154 bacchante
909 2130 988 2154 cuin
1022 2117 1227 2154 orcadibus
1258 2118 1418 2154 altorum

235 2184 412 2222 montium
443 2184 591 2229 chorea,
625 2184 733 2221 modo
765 2185 964 2222 venatione
996 2187 1169 2230 robusta,
1201 2198 1312 2223 curas
1343 2185 1416 2222 dis-

236 2253 379 2302 pellam.
410 2273 464 2282 ——
495 2252 673 2293 Quamvis
704 2265 829 2289 amore
863 2253 1023 2302 periens.
1056 2254 1186 2290 Gallus
1220 2258 1341 2290 tamen
1373 2265 1420 2290 ne

236 2319 289 2356 sic
326 2319 471 2369 quidem
509 2319 763 2358 fortitudinem
816 2319 925 2358 animi
963 2321 1179 2372 despondet.
1239 2321 1423 2359 Interea
