1472 2620
441 130 644 169 ECLOGA
679 131 754 177 vn,
787 135 966 172 69-70.
1238 138 1296 178 97

113 242 267 281 Cicero
311 243 444 280 valde
490 243 696 292 placebit.
762 243 818 280 De
866 247 1025 294 poeseos
1064 256 1178 295 opere
1213 258 1293 283 cum

113 308 294 361 Virgilio,
337 314 410 346 tam
442 310 568 346 subtili
600 315 638 346 et
667 309 904 361 intelligente
935 311 1140 363 magistr-0,
1185 325 1292 362 quem

113 379 323 414 acerrimi
341 377 510 424 judicii
536 375 790 416 Quintilianus
816 377 898 414 vlu
931 393 966 428 p.
1000 383 1051 417 76
1080 377 1197 417 fuisse
1227 380 1292 426 ait,

112 443 272 490 sentire,
313 456 385 480 non
426 443 545 479 minus
582 447 707 492 potest
736 443 932 481 audentem
965 444 1103 483 facere.
1163 446 1292 484 Theo-

111 510 227 547 critus
259 509 294 546 in
327 513 461 547 octavo
491 508 618 558 idyllio
650 509 702 546 ita
732 516 920 548 certamen
954 512 1162 562 componit:

247 579 398 622 Daphnis
423 583 457 612 et
480 580 568 612 inter
593 584 666 612 erat
690 584 844 622 pastores
870 581 1037 614 maximus
1062 582 1153 616 inde.

110 643 219 693 Apud
250 642 447 695 Virgilium
480 643 695 692 Corydon,
729 656 862 680 nomen
893 644 1023 694 ipsum,
1054 645 1207 683 honoris
1236 646 1292 686 in-

111 714 192 747 star
231 715 308 747 est:
356 711 414 747 Ex
444 710 506 748 illo
539 710 715 760 Corydon
746 710 840 747 nanti
871 724 893 748 a
925 711 1031 748 nobis
1060 711 1290 760 aestimatur,

109 781 151 813 ut
199 777 402 828 Corydon
447 777 525 816 sive
566 780 761 815 eximius
799 778 894 815 idem
937 779 1098 816 valeant.
1173 779 1294 818 Simili

109 844 219 882 modo
244 845 290 889 ll,
321 850 374 883 73
401 845 532 882 Alexis
558 858 626 895 pro
643 845 796 895 pulchro
813 858 930 896 puero
948 845 1107 891 ‹licitur3
1137 850 1176 883 et
1191 846 1291 896 apud

109 911 329 948 Ciceronem
367 911 440 949 div.
472 911 575 947 xvn
612 911 736 948 Verris
769 926 901 949 nomen
933 926 1000 963 pro
1032 912 1174 950 bellua:
1216 913 1292 950 Re·

107 982 221 1029 pente
251 991 273 1015 e
303 977 467 1029 vestigio
499 990 547 1014 ex
578 978 736 1023 homine,
769 984 953 1029 tamquam
985 979 1108 1029 aliquo
1133 979 1290 1017 Circaeo

108 1045 263 1096 poculo,
309 1043 432 1083 factus
470 1051 528 1082 est
564 1067 618 1072 —
659 1045 813 1083 Verres!
863 1046 998 1083 Coram
1030 1046 1137 1082 nobis
1167 1051 1291 1084 autem

107 1112 154 1149 lis
177 1112 350 1163 judicata
379 1111 411 1149 si
441 1112 494 1149 ita
523 1111 731 1150 desineret:
776 1112 860 1149 Ex
889 1114 971 1150 illo
1015 1113 1291 1151 IVielamlae‘ue

106 1179 230 1217 nobis
284 1180 559 1218 Wielamlius
597 1184 692 1216 eet!
730 1179 814 1228 quis
851 1179 1197 1230 interpretationem
1229 1181 1291 1217 ha-

107 1245 197 1284 bere
237 1247 350 1285 vellet
386 1252 451 1283 aut
488 1246 667 1282 liaberet?
727 1246 809 1281 Non
847 1246 960 1282 multo
998 1252 1085 1283 ante
1116 1247 1214 1284 illam
1244 1247 1291 1284 de

108 1314 293 1351 Cicerone
329 1326 524 1351 censuram
565 1312 840 1353 Quintilianus:
889 1314 1016 1354 Quare
1055 1327 1129 1350 non
1167 1314 1290 1351 imme-

107 1381 202 1428 rito,
247 1381 386 1431 inquit,
431 1380 477 1417 ab
515 1379 722 1416 hominibus
760 1379 897 1416 aetatis
936 1392 1027 1416 suae
1057 1392 1221 1430 regnare
1252 1379 1289 1415 in

100 1448 252 1500 judiciis
280 1448 402 1485 dictus
432 1451 513 1485 est:
565 1446 662 1496 apud
692 1450 866 1496 posteros
895 1458 985 1484 vero
1017 1445 1052 1483 id
1084 1458 1292 1495 consequu-

107 1520 188 1560 tus,
236 1520 277 1551 ut
315 1515 448 1552 Cicero
480 1514 556 1564 jam
595 1526 668 1549 non
711 1512 869 1549 hominis
901 1526 1056 1558 nomen,
1105 1513 1170 1549 sed
1202 1513 1289 1549 elo-

106 1584 315 1633 quentiae
353 1581 545 1618 habeatur.
606 1579 755 1616 Pierius
794 1579 829 1616 in
872 1580 1030 1628 quodam
1069 1578 1198 1615 codice
1229 1582 1293 1637 vij

107 1657 222 1687 ctum
253 1656 297 1687 ec
325 1648 478 1699 reperit,
509 1647 607 1697 quod
638 1645 856 1683 Hafniensis
887 1644 1093 1696 quoqueA
1122 1644 1290 1694 praebet.
