1472 2620
183 161 238 200 ιο
525 154 726 191 ECLOGA
755 155 822 200 vi,
863 159 996 193 6—8.

181 266 412 318 pastoritium
452 265 552 302 tenui
590 266 768 304 arundine
798 279 931 303 canere
961 265 1160 303 instituam.
1193 288 1244 294 —
1279 268 1347 304 Va-

183 348 264 379 rus,
310 348 331 370 e
367 346 438 383 quo
476 345 573 368 anno
613 332 809 370 nccxu]
842 338 973 384 poetae
1013 332 1113 369 salus
1151 334 1346 383 pendebat,

183 415 351 452 parvam,
400 400 462 436 vix
499 399 706 450 suspicatus
735 400 802 445 sit,
836 400 984 452 juvenis
1015 399 1150 436 Andini
1180 401 1347 452 eclogam

183 482 313 508 nomen
345 467 425 517 ejus
455 467 574 518 magis
603 467 866 504 celebraturam
892 481 986 512 esse,
1017 480 1122 517 quam
1145 480 1212 504 sua
1237 467 1349 518 ipsius

183 536 282 573 facta
311 533 436 571 fortia.
496 534 640 585 lirgilii
671 535 919 572 tantummodo
950 548 1062 572 causa
1090 547 1171 571 eum
1203 534 1350 572 novisse

184 602 359 653 cupimus,
391 601 536 653 Virgilii
567 603 816 639 tantumnodo
848 616 961 652 opera
986 602 1189 639 verisimilis
1213 602 1349 652 aliquid

186 670 441 708 nanciscimur.
501 669 582 714 vir,
614 669 670 706 cui
697 671 836 706 Cacsar
859 670 1083 707 Octavianus
1109 669 1142 706 in
1174 682 1349 720 agrorum

186 737 466 776 dividundorum
502 736 608 787 gravi
652 737 803 787 negotio
841 750 919 773 eam
952 742 1171 787 potestatem
1202 736 1350 786 permit-

187 811 266 843 tere
298 810 461 854 poterat,
502 804 678 853 cujusque
708 804 876 840 virtutem
909 804 1072 841 bellicam
1103 804 1148 841 ad
1178 805 1352 854 aequales

185 871 326 910 laudari
357 870 508 915 licebat,
541 870 608 907 iste
639 870 798 915 demum,
830 871 925 921 quod
958 871 1121 915 videtur,
1152 870 1249 908 inter
1279 871 1352 909 cla-

187 953 250 977 ros
280 944 353 976 tum
385 937 558 988 temporis
589 938 835 975 Caesarianos
873 938 1114 975 nominandus
1143 944 1244 975 certe
1274 937 1353 975 sue·

188 1007 247 1044 rit.
313 1005 423 1055 Atqui
454 1006 498 1042 ab
531 1005 609 1055 ipso
640 1006 739 1042 ‚lulio
771 1007 932 1042 Caesare
967 1005 1012 1048 Q.
1044 1005 1175 1043 Atius
1216 1005 1352 1044 farne

188 1074 332 1125 quidam
363 1073 397 1110 in
431 1073 525 1110 bello
558 1073 700 1110 Gallico
737 1074 835 1118 vni,
878 1080 962 1112 28..
996 1081 1031 1110 et
1062 1073 1098 1110 in
1130 1073 1225 1110 bello
1256 1073 1352 1111 civili

188 1143 251 1186 ΙΙΙ,
283 1147 347 1180 37.
379 1139 586 1190 praefectus
603 1141 761 1190 equitum
786 1140 894 1178 fortis
919 1148 1028 1191 atque
1054 1141 1214 1191 prudens
1239 1139 1354 1177 fuisse

188 1208 434 1259 praedicatur.
495 1208 527 1243 ls
553 1221 679 1257 quum,
718 1214 864 1258 praeter
893 1207 998 1245 fidem
1031 1214 1248 1259 praeterque
1280 1206 1353 1244 for-

189 1275 380 1313 titudinem
411 1275 518 1311 animi
550 1280 586 1312 et
618 1275 858 1324 prudentiam,
890 1276 1032 1312 Galliac
1052 1288 1196 1325 quoque
1219 1274 1353 1311 utrius-

187 1356 258 1392 que
305 1342 472 1378 notitiam
521 1343 691 1379 liaberet:
737 1342 841 1393 agris
886 1342 1169 1392 Transpadanis
1215 1343 1355 1379 Caesar

188 1409 432 1454 Octavianus,
473 1422 580 1459 quum
619 1409 879 1446 describendos
915 1410 959 1446 ab
989 1410 1152 1446 Antonio
1183 1409 1355 1459 impetra-

188 1477 304 1516 visset
339 1476 568 1527 legionibus,
607 1490 703 1512 anno
734 1476 936 1513 Dccxnl.
967 1489 1058 1514 sane
1088 1489 1168 1514 eum
1200 1489 1354 1527 praepo-

189 1558 279 1582 nere
316 1544 453 1594 potuit;
492 1549 529 1580 et
568 1543 715 1594 legatus
746 1544 998 1587 Antonianus,
1042 1544 1190 1580 Asinius
1222 1544 1352 1589 Pollio,

189 1617 382 1664 postquam
412 1617 577 1649 extremo
607 1624 704 1648 anno
735 1611 936 1648 Dt‘cxnl.
982 1611 1172 1648 Perusiam
1204 1611 1249 1648 L.
1280 1613 1354 1649 An-

192 1680 294 1718 tonio
324 1678 465 1717 obviam
497 1678 633 1716 iverat.
664 1679 849 1715 Brundisii
879 1692 966 1717 vcro
997 1692 1076 1715 cum
1107 1680 1158 1716 M.
1190 1680 1354 1716 Antonio

191 1760 233 1784 se
263 1748 527 1797 conjunxerat,
558 1746 722 1783 vacantis
751 1746 869 1783 eidem
900 1746 955 1783 vel
985 1759 1158 1783 summam
1190 1753 1350 1797 potesta-

193 1820 265 1851 tem
304 1814 513 1863 provinciae
552 1813 790 1851 committere.
856 1814 903 1850 At
943 1813 1109 1864 legatus,
1149 1814 1209 1864 qui
1239 1828 1355 1865 agros

194 1882 486 1931 Transpadanos
515 1881 723 1931 legionibus
753 1881 959 1931 descripsit,
988 1880 1177 1927 Affemu
1218 1881 1354 1921 rarus

193 1962 216 1987 a
245 1947 502 1987 Grammaticis
534 1948 686 1990 (Donat.
717 1952 791 1985 vir.
831 1948 949 1999 J'v'rg.
981 1954 1046 1994 30,
1078 1963 1112 2000 p.
1146 1950 1205 1986 lv.
1247 1952 1352 1988 Serv.

194 2017 255 2062 vl,
287 2021 323 2055 6.
354 2016 419 2059 lx,
457 2022 514 2052 10.
539 2014 622 2059 29.)
655 2028 725 2051 nno
750 2029 813 2053 orc
837 2030 965 2066 paene,
996 2029 1185 2066 numquam
1206 2015 1353 2061 Atiae,

195 2083 339 2121 dicitur.
398 2083 529 2119 Verum
551 2082 612 2119 alii
632 2084 879 2129 Grammatici,
909 2084 1068 2134 objicere
1098 2083 1194 2123 licet.
1225 2084 1270 2121 ad
1294 2085 1353 2130 Vl,

197 2156 232 2190 6.
264 2156 427 2188 nostrum
457 2151 588 2187 Varum
613 2163 691 2187 cum
723 2151 856 2188 celebri
886 2151 934 2190 P.
969 2150 1204 2194 Quinctilio
1244 2152 1354 2191 Γανο

196 2218 449 2262 commiscent,
487 2218 546 2269 qui
584 2232 680 2255 anno
712 2218 912 2256 DCCXLL
951 2219 1078 2256 consul
1116 2225 1214 2259 erat.
1253 2234 1352 2257 anno

196 2286 448 2324 Dccxm'n.
479 2286 514 2323 in
539 2287 647 2336 Syria
669 2287 816 2336 legatus
846 2286 975 2336 opibus
1003 2299 1043 2324 se
1074 2287 1223 2333 ditavit,
1254 2301 1353 2325 auno
