1515 2620
228 144 319 185 uo
542 136 749 174 ECLoGA
779 135 878 181 vin,
908 139 1089 176 ⁷3-75.

225 251 443 288 alterutram
485 246 657 282 deducat.
717 245 943 282 Ter-tiamne
980 244 1126 296 igitur}
1170 247 1228 285 lta
1255 248 1416 287 videtur.

226 314 405 358 Venetici,
436 325 483 350 ex
515 317 669 349 auctore
701 312 860 361 quodam
891 311 1106 361 antiquiore
1135 313 1259 351 scriba
1284 315 1415 360 refert,

226 381 287 432 qui
326 379 498 417 Servium
537 378 727 428 excerpsit
765 377 869 428 (nam
910 379 956 415 ad
988 392 1022 417 v.
1056 385 1109 418 80
1140 379 1220 429 ipse
1251 381 1417 432 obloqui—

226 444 324 497 tur),
355 445 533 483 amatoris
563 444 730 496 effigiem
760 444 1047 482 circumferunt:
1086 459 1219 483 unam
1250 459 1298 483 ex
1328 446 1417 493 lino,

224 515 415 551 alteram
447 525 494 549 ex
527 512 619 557 luto,
652 515 833 549 tertiam
863 526 910 549 ex
944 525 1043 549 cera.
1105 512 1264 550 Canidia
1296 520 1418 551 ante-

226 580 374 617 Horatii
408 580 505 616 Sat.
537 580 571 625 Ι,
613 585 655 624 8,
697 585 750 617 30
787 580 962 630 majorem
1001 579 1202 632 imaginem
1242 582 1419 631 proponit

225 647 392 692 laneam,
444 647 620 683 minorem
666 659 833 691 ceream,
888 659 1005 696 quae,
1054 646 1153 684 illam
1201 647 1420 697 suppliciter

225 726 352 759 orans,
383 726 539 763 poenam
570 720 767 762 exspectat
797 713 970 750 incendii.
1031 713 1160 765 lmago
1191 714 1266 751 illic
1294 726 1420 764 quem-

226 781 421 819 admodum
451 780 561 817 lanea
591 780 705 829 ipsam
739 780 932 816 Canidiam
965 780 1171 831 significat,
1205 794 1278 818 non
1310 780 1419 818 aliter

227 852 394 884 nostram
431 847 477 883 ad
520 860 666 898 magam
698 847 801 896 prius
832 847 1102 885 circumvoluta
1132 853 1299 898 spectat,
1339 847 1418 885 sive

227 928 273 953 ea
314 928 361 952 ex
399 913 476 950 lino
514 913 584 961 sit,
628 914 727 963 quod
759 920 865 952 vetus
894 915 1081 964 interpres
1114 916 1281 960 volebat,
1324 914 1416 966 sive,

225 994 307 1019 cum
354 981 581 1026 Horatiana,
635 981 757 1018 lanea.
818 982 956 1018 Suam
983 985 1138 1029 *ipsius
1178 985 1416 1032 imaginem

225 1063 299 1087 non
332 1049 451 1086 minus
483 1062 591 1099 quam
622 1048 804 1086 turbinem
834 1048 909 1085 filis
940 1049 1196 1086 circumvolvit
1219 1050 1266 1085 ad
1289 1049 1418 1086 incan-

223 1117 377 1154 tandum
405 1115 628 1160 valentibus,
661 1128 756 1166 quae
787 1116 894 1165 plura
926 1115 1074 1151 Horatii
1106 1114 1275 1152 malelica
1305 1128 1340 1153 v.
1364 1119 1416 1154 49

225 1184 308 1235 ipsa
337 1183 374 1220 in
407 1182 568 1220 brachiis
598 1182 718 1234 gerit,
758 1189 813 1228 et,
853 1182 957 1233 quasi
990 1182 1228 1228 adorantem,
1260 1187 1318 1219 ter
1346 1181 1417 1219 cir-

223 1264 306 1289 cum
343 1263 445 1288 aram
481 1250 687 1301 circumagi
719 1250 841 1301 jubet.
901 1249 1006 1286 Duas
1036 1250 1222 1301 imagines
1252 1248 1416 1299 Daphni-

225 1319 284 1356 dis
327 1323 365 1356 et
401 1317 642 1369 argillaccam
682 1322 720 1354 et
756 1330 901 1354 ceream
942 1323 1028 1367 post
1064 1317 1283 1367 Amaryllidi
1320 1329 1417 1353 com-

225 1385 356 1430 mittit,
402 1384 740 1422 circumvoluturae
785 1398 859 1421 non
908 1390 1071 1429 tantum,
1117 1385 1183 1421 sed
1239 1385 1415 1424 Veneris

225 1465 374 1504 quoque
417 1452 545 1488 nodis
590 1451 816 1501 illigaturae.
893 1452 1002 1488 Fila
1046 1464 1093 1489 ex
1143 1453 1246 1489 licio
1292 1450 1416 1494 laneo,

226 1519 306 1558 sive
357 1517 658 1555 extremitatibus
705 1520 909 1554 staminis
954 1518 999 1554 ad
1046 1518 1155 1554 telam
1202 1517 1413 1570 rest-issam,

226 1587 338 1624 trium
374 1585 538 1622 colorum
577 1589 696 1620 erant.
756 1584 891 1621 Lana
927 1584 973 1620 ad
1011 1597 1140 1621 sacros
1171 1597 1260 1621 usus
1290 1583 1415 1634 impri-

227 1653 297 1691 mis
332 1651 596 1695 adhibebatur3
645 1654 683 1686 et
719 1650 979 1686 Artemidorus
1016 1650 1061 1687 de
1099 1651 1254 1687 somniis
1291 1651 1414 1695 docet,

226 1720 340 1759 sertis
374 1718 495 1756 laneis
531 1717 625 1754 varii
661 1717 798 1753 coloris
829 1716 1098 1755 fascinationes
1129 1724 1168 1754 et
1197 1717 1418 1755 devotiones

224 1786 410 1840 portendi.
472 1785 592 1822 Etiam
622 1784 667 1821 ad
699 1784 956 1834 depellendum
983 1785 1298 1822 incantamentum
1321 1797 1417 1821 anus

225 1855 398 1893 Petronii
433 1866 456 1890 c
501 1859 569 1890 131
606 1851 726 1889 licium
760 1851 1001 1902 protrahebat
1031 1865 1078 1888 ex
1109 1852 1192 1889 sinu
1224 1851 1296 1888 tilis
1326 1852 1416 1889 mul-

226 1921 445 1960 ticoloribus
482 1926 669 1964 coactum3
717 1925 754 1956 et
792 1919 915 1955 Plinio
948 1925 1102 1955 anctore
1133 1919 1315 1964 xxvm,
1364 1923 1413 1958 12

224 1989 369 2034 licium,
401 2000 531 2025 novem
562 1992 626 2023 aut
657 1993 797 2036 septem
830 1986 938 2022 nodis
970 1986 1160 2030 innexum,
1192 1987 1306 2024 certis
1334 1985 1414 2036 qui-

225 2057 380 2094 busdam
417 2053 622 2092 tumoribus
662 2053 799 2090 mederi
831 2053 1036 2090 dicebatur.
1104 2053 1263 2091 Tema.
1296 2053 1415 2104 tripli-

227 2123 304 2170 cia,
344 2123 417 2160 tria
446 2134 530 2159 esse
561 2121 735 2159 videntur
765 2121 1055 2171 uniuscujusque
1084 2120 1241 2157 coloris:
1281 2133 1412 2157 secun-

229 2191 313 2228 dum
351 2183 522 2228 Servium
553 2188 626 2225 tria
655 2188 834 2234 candida,
873 2188 944 2224 tria
975 2200 1086 2224 rosea
1117 2194 1154 2224 et
1185 2187 1257 2224 tria
1288 2187 1412 2239 nigra.

229 2258 332 2295 Haec
366 2257 431 2295 fila
468 2262 526 2294 ter
556 2261 663 2293 terna
693 2256 824 2293 Gallus
853 2268 1021 2293 novena
1051 2255 1130 2294 alo
1160 2253 1326 2299 dicebat,
1376 2254 1412 2291 in
