1515 2620
475 172 680 211 ECLOGA
710 171 795 210 vlu
805 199 817 218 ,
857 175 924 210 30.
1212 180 1292 218 121

107 286 241 325 menda
270 285 460 325 veteribus
489 289 694 336 nostroque
724 284 795 335 ipsi
825 288 958 335 poetae
988 283 1155 335 pluribus
1179 283 1216 321 in
1238 285 1294 321 lo-

108 354 163 393 cis
192 354 395 400 Aeneidis,
426 353 631 405 peregrina
661 354 693 389 si
723 364 852 402 parum
884 356 974 389 nota
1004 356 1142 397 essent,
1174 352 1295 404 magis

108 421 247 459 idonea
276 434 361 460 esse
391 420 624 465 videbantur,
655 432 763 469 quam
794 419 922 469 putida
952 419 1162 471 diligentia.
1224 420 1294 457 Ve-

109 489 228 541 stigia
265 493 388 527 autem
433 487 547 524 moris
589 486 697 523 istius
734 486 929 523 admodum
971 487 1157 523 mutabilis
1196 487 1295 525 inter

111 557 282 594 Graecos
317 567 466 606 quoque
504 553 695 591 habemus.
754 554 1003 591 Athenienses
1035 555 1150 601 enim,
1196 556 1294 605 quod

110 620 355 673 σχολιαστὴς
391 620 652 672 Aristophanis
688 620 825 670 aliique
855 625 1060 666 testantur,
1103 622 1208 659 novis
1239 622 1294 660 fa-

111 689 318 727 miliaribus
342 694 381 727 et
404 689 536 734 servis,
567 688 715 738 quando
735 687 888 738 primum
907 687 1148 733 accedebant,
1181 690 1297 727 omni-

110 757 254 807 busque
291 757 460 804 omnino,
506 756 638 806 quibus
676 754 799 793 fausta
841 754 1022 805 principia
1052 756 1291 805 optabantur,

111 836 269 873 sponso
293 838 441 876 quoque
457 828 495 862 et
511 836 699 872 spon-me
717 823 763 859 ad
781 822 917 867 focum,
944 822 1160 873 multiplicia
1183 824 1297 861 bella-

110 892 169 930 ria
205 893 252 929 ad
289 892 432 942 copiam
463 891 731 928 ostendendam
762 903 945 942 spargere
975 890 1170 928 solebant:
1203 904 1298 941 quae

110 953 406 1008 καταχύσματα
433 957 513 996 sive
530 956 738 994 effusiones
754 957 983 1006 dactylorum
1006 955 1298 1011 (palmularum),

112 1025 238 1078 operis
266 1025 426 1076 pistorii,
456 1024 591 1062 ficuum
614 1028 652 1062 et
674 1038 846 1070 mecum,
880 1025 980 1063 servi
1011 1025 1206 1063 domestici
1236 1039 1296 1063 ra-

112 1093 277 1145 piebant.
344 1093 444 1130 Ante
489 1092 688 1129 thalamum
734 1105 881 1142 quoque
927 1093 1139 1143 sponsalem
1180 1094 1237 1131 vel
1276 1107 1298 1131 a

112 1160 248 1211 puellis
272 1160 440 1198 Theocr.
466 1160 589 1196 xvm
615 1160 673 1198 vel
703 1159 747 1197 ab
769 1159 1152 1210 universajuventute
1170 1161 1298 1213 Long.

111 1227 162 1264 lv
199 1241 236 1278 p.
277 1232 353 1266 191
387 1227 561 1278 jocosum
592 1224 931 1276 κατακοιμητικὸν
961 1240 1041 1264 cum
1073 1227 1231 1279 strepitu
1262 1234 1301 1267 et

113 1294 276 1345 tripudio
308 1294 524 1339 canebatur,
556 1307 719 1344 sponsae
751 1294 797 1331 ad
828 1307 951 1339 voceS,
983 1308 1074 1345 quas
1104 1295 1187 1333 fore
1217 1309 1299 1333 sus-

112 1361 354 1413 picabantur,
405 1361 687 1412 opprimendas3
740 1362 831 1398 haec
871 1361 1016 1399 κτυπία
1047 1363 1231 1413 aliquibus
1262 1364 1299 1401 in

112 1428 207 1466 locis
237 1441 319 1466 cum
349 1429 505 1466 nucibus
536 1428 761 1480 spargendis
785 1428 898 1480 jungi
929 1434 1116 1479 poterant.

229 1502 294 1535 30.
353 1495 445 1532 Tibi
476 1496 617 1532 deserit
647 1495 838 1545 Hesperus
868 1496 1019 1533 Oetam:
1061 1496 1097 1532 id
1128 1500 1205 1542 est,
1235 1502 1302 1535 tua

113 1575 230 1602 causa
274 1561 430 1601 Lucifer
481 1562 553 1600 iste
601 1560 726 1613 (quem
773 1576 807 1600 v.
856 1568 906 1602 17
943 1562 1222 1615 alloquebatur)
1263 1564 1300 1601 in

115 1630 271 1668 Oriente
303 1630 349 1668 ab
381 1631 477 1668 Oeta
507 1635 630 1667 monte
660 1630 828 1675 scandit,
860 1635 913 1675 ut,
946 1631 1134 1680 Hesperus
1166 1631 1302 1678 factus,

116 1697 227 1735 hodie
257 1697 405 1748 vesperi
437 1697 503 1734 tihi
535 1697 570 1734 in
599 1697 822 1734 occidentali
849 1698 954 1734 coelo
974 1703 1165 1747 appareat.
1225 1698 1304 1736 Lu-

117 1764 231 1811 cifer,
263 1765 573 1816 quemadmodum
606 1765 676 1801 hoc
707 1764 742 1800 in
775 1764 856 1801 loco
887 1765 1077 1815 Hesperus
1109 1766 1214 1815 quasi
1244 1765 1304 1803 fu-

116 1837 244 1878 turus,
287 1832 341 1869 ita
377 1832 475 1882 apud
515 1831 709 1867 Horatium
751 1832 781 1867 ll
820 1832 888 1869 Od.
928 1837 971 1878 9,
1015 1838 1064 1870 10
1094 1833 1304 1884 appellatur

116 1899 308 1950 Hesperus
337 1898 443 1948 quasi
475 1897 722 1948 praeteritus:

322 2004 723 2010 —————
772 1996 835 2018 nec
860 1985 919 2019 tibi
948 1988 1101 2031 Vespero

321 2042 496 2082 Surge-nte
519 2041 688 2075 decedunt
712 2053 867 2083 amores,

434 2098 508 2130 Nec
533 2097 688 2140 rapidum
715 2098 867 2139 fugiente
892 2099 1023 2132 Solem.

120 2166 364 2217 Hesperus,
398 2166 533 2203 sideris
549 2167 751 2217 vespertini
769 2173 948 2218 perpetuo
969 2181 1121 2206 munere
1140 2168 1305 2221 fungens

121 2247 154 2273 v.
189 2238 253 2279 17,
284 2246 410 2284 saepe,
441 2234 538 2284 quod
571 2234 714 2284 opinari
745 2235 842 2279 licet,
874 2236 1070 2286 sponsales
1099 2237 1145 2274 ud
1176 2251 1307 2289 vespe-

123 2314 185 2340 ras
220 2300 486 2339 accelerandae
517 2301 773 2340 invocabatur.
833 2303 916 2340 dam
955 2304 1107 2354 Sappho
1144 2305 1304 2343 cecinit:
