1472 2620
443 131 645 170 ECLOGA
675 132 739 178 vl,
777 136 964 173 64—66.
1233 139 1290 176 41

125 243 222 283 Galli
261 257 308 281 ex
344 245 506 282 carmine
542 246 743 295 repetenda
781 247 847 291 sit,
894 250 1014 282 mente
1045 243 1150 281 nobis
1181 249 1291 294 poeta

123 310 366 362 adjiciendam
397 313 555 363 reliquit.
615 312 771 359 Dubito,
803 326 848 350 an
881 311 1071 363 proposito
1103 311 1291 349 invenien-

124 379 194 416 dae
231 379 405 430 eclogae,
442 379 478 416 in
509 392 581 429 qua
612 393 690 416 cum
723 380 998 431 praedicatione
1030 379 1127 416 Galli
1159 383 1290 429 poe'tae

124 446 229 491 Vari,
271 447 460 484 bellatoris
500 446 690 497 Epicurei,
730 448 858 485 laudes
897 447 989 484 scite
1019 448 1290 498 conjungeren-

123 519 201 559 tur,
232 514 399 552 acutiore
430 514 581 552 consilio
613 514 784 551 satisfieri
817 515 945 565 possit.

235 586 427 620 64—66.
491 582 719 619 Cornelius
754 581 928 625 Gallus,
961 581 1196 630 praenomine
1227 582 1291 617 du-

122 647 201 693 bio,
263 647 299 684 in
347 649 438 686 urbe
484 649 627 686 Gallica
673 650 771 687 Foro
820 649 909 686 Julii
949 660 1046 685 anno
1086 648 1130 684 ab
1163 648 1205 684 [⁷.
1244 649 1287 687 C.

119 714 437 753 DCLxxxvm.
490 722 599 753 natus
652 722 727 762 est,
788 722 825 753 et
871 729 968 753 anno
1015 715 1289 752 Dccxxvm.

120 783 441 835 quadragesimum
473 797 606 821 annum
637 797 754 835 agens
786 783 888 820 obiit.
949 784 1006 819 Ex
1038 782 1192 834 ignobili
1224 796 1289 834 ge-

120 863 209 887 nere
240 855 312 886 tam
343 857 484 888 mature
516 851 710 901 prudentia
740 857 775 888 et
800 850 1018 887 fortitudine
1042 850 1150 887 animi
1176 864 1290 888 emer-

118 918 185 962 sit,
216 921 276 964 ut,
309 930 416 967 quum
448 917 623 955 minorem
655 924 743 954 natu
774 918 969 955 Messalam
1002 932 1034 955 v.
1069 922 1132 956 74.
1165 918 1290 954 trium-

117 984 187 1023 viri
230 989 454 1030 metuerent,
501 985 619 1035 ipsum
660 986 735 1036 jam
781 998 878 1022 anno
925 985 1092 1021 Dccxl.
1141 985 1289 1022 Asinius

117 1052 239 1089 Pollio
270 1052 445 1090 Ciceroni
477 1057 657 1102 tamquam
689 1052 903 1089 fan-iiliarem
935 1066 1037 1089 suum
1071 1053 1289 1099 nominaret,

118 1124 156 1157 et
186 1119 489 1157 consuetudinem
521 1120 555 1157 ei
587 1133 666 1157 cum
699 1121 805 1157 hilari
836 1133 925 1156 sene
950 1120 1142 1157 invideret.
1187 1122 1289 1159 Bello

116 1187 320 1225 Mutinensi
365 1194 485 1224 utrum
530 1201 610 1225 cum
657 1188 825 1225 Pollione
869 1188 919 1224 Μ.
959 1188 1177 1233 Antonium,
1229 1203 1288 1235 an,

117 1256 288 1305 quoniam
327 1255 468 1292 Romae
505 1255 671 1300 adesset,
715 1255 886 1292 Caesaris
918 1255 1110 1292 Octaviani
1143 1257 1290 1307 propio-

116 1336 177 1359 res
208 1322 307 1360 vires
337 1328 514 1372 sequutus
544 1324 610 1367 sit,
651 1323 832 1359 nescimus
864 1323 1027 1372 quidem,
1066 1324 1130 1360 sed
1163 1325 1289 1374 opina-

116 1403 198 1427 mur
237 1389 435 1440 posteriuS.
494 1390 602 1426 Anno
639 1390 843 1426 Decxnl.
882 1403 988 1439 quum
1029 1391 1111 1441 agri
1150 1390 1288 1430 divide-

115 1462 263 1502 rentur,
302 1457 398 1508 quod
430 1457 584 1494 Servius
614 1456 749 1501 refert,
790 1457 968 1494 triumviri
1001 1457 1175 1507 pecunias
1207 1472 1287 1496 eum

109 1526 303 1577 jusserunt
334 1538 356 1562 a
385 1524 591 1575 municipiis
622 1525 777 1576 exigere
804 1525 1101 1575 'l‘ranspadanis,
1133 1539 1285 1574 quorum

116 1593 219 1645 agris
260 1592 494 1643 parcebatur.
554 1593 636 1630 Una
673 1606 754 1629 cum
795 1592 911 1629 amico
943 1592 1070 1628 Asinio
1102 1592 1285 1641 Pollione,

114 1660 327 1698 Antoniano
371 1659 562 1711 praefecto
608 1661 714 1710 liujus
752 1660 939 1711 reginum,
991 1664 1027 1695 et
1066 1660 1110 1696 L.
1150 1660 1284 1700 Alfeno

116 1728 235 1774 Varo,
283 1727 341 1765 cui
379 1741 401 1765 a
438 1729 601 1766 Caesare
638 1728 721 1779 agri
760 1727 806 1764 ad
838 1727 1067 1764 dividendum
1100 1729 1283 1768 commissi

117 1800 244 1840 erant,
289 1795 421 1845 cuique
458 1802 494 1832 et
533 1796 599 1845 ipsi
640 1796 789 1831 Gallus⁴
836 1808 941 1843 quum
975 1794 1085 1831 tzuitis
1116 1795 1283 1835 laudibus

117 1863 152 1900 in
185 1862 346 1900 carmine
376 1863 421 1899 ad
453 1862 539 1899 Vari
571 1862 743 1898 honorem
776 1862 960 1898 destinato
991 1863 1193 1900 cumulatus
1223 1865 1282 1911 sit,

116 1930 315 1976 interiore,
370 1942 474 1980 quam
521 1929 701 1974 muneris,
755 1929 1026 1966 necessitudine
1063 1932 1281 1982 conjunctus

117 2011 200 2036 esse
237 1997 415 2042 debebat,
456 2010 551 2034 nunc
582 1997 743 2047 quidem,
782 1997 877 2047 quod
910 1997 1078 2034 Donatus
1108 1998 1280 2046 affirmat,

117 2066 162 2104 ad
189 2064 429 2117 virgilianum
456 2065 641 2115 praedium
671 2065 887 2103 servandum
920 2064 1091 2102 conferre
1123 2073 1280 2116 poterat.

118 2133 348 2171 Juvenilibus
398 2132 611 2182 quibusdam
665 2133 884 2170 carminibus
937 2133 1032 2170 vires
1084 2134 1280 2183 experiens

119 2201 217 2239 circa
242 2199 430 2238 Heliconis
460 2200 618 2238 radicem
649 2201 811 2238 modeste
841 2202 958 2238 adbuc
981 2207 1181 2241 erraverat.
1214 2217 1278 2240 nu-

120 2282 186 2319 per
221 2281 310 2307 vero
348 2268 594 2320 Euphorionis
634 2269 678 2307 de
716 2283 864 2308 nemore
904 2270 1073 2319 Gryneo,
1118 2269 1278 2321 Apollini
