1515 2620
473 136 678 176 ECLOGA
707 136 774 184 IX,
806 138 983 175 21—25.
1229 139 1320 179 169

136 250 207 288 bae
245 236 443 287 irrisionis.
503 249 580 286 Pro
618 246 845 300 Nymphas
883 246 995 285 Hafn.
1036 246 1074 284 C
1098 245 1210 284 habet
1239 248 1318 284 sil-

135 329 215 354 vas
245 329 267 353 a
298 329 408 353 manu
438 316 614 354 secunda.
675 317 716 352 ln
748 316 878 365 quinta
908 315 1045 366 ecloga
1075 314 1221 359 dicitur,
1253 317 1318 351 im-

137 385 297 421 ducere
315 383 522 430 fontibus
551 383 741 427 umbras,
773 383 920 418 umbras
946 381 1041 418 fonti
1066 381 1317 430 circumdare3

137 450 216 496 hic,
262 450 454 487 immutata
492 449 678 494 dictione,
705 450 861 496 soum-5
900 449 1109 486 iuducere
1145 449 1314 495 umbra,

137 516 264 554 fontes
310 517 441 554 umbra
477 515 720 553 circumdare.
793 516 887 557 Quis
925 522 1193 566 spargeret!
1235 515 1317 566 quis

137 585 394 622 induceret?
424 583 448 621 i,
479 596 512 620 e.
543 583 625 633 quis
655 588 808 620 caneret
839 596 1012 632 sparsos,
1044 583 1238 619 inductos!
1279 586 1317 619 et

138 650 304 700 quidem,
335 651 433 700 quod
464 655 596 688 acutus
627 649 755 700 adjicit
785 650 1078 694 Taulnnannus,
1111 663 1156 686 ea
1186 649 1318 686 alacri-

140 721 232 763 tate,
265 717 371 767 quasi
401 718 469 755 sub
500 717 628 754 oculos
659 716 757 753 actio
788 715 1058 766 subjiceretur3
1090 715 1132 753 cf
1160 716 1218 762 vi,
1251 720 1317 754 62.

256 788 449 823 21—25.
517 785 593 821 Aut
637 783 718 833 quis
756 782 921 820 carmina
959 783 1065 819 nobis
1105 782 1318 833 pastoribus

141 854 214 888 tam
252 851 376 901 lepida
412 856 591 896 caueret,
628 850 736 900 quale
768 850 876 895 illud,
915 850 1014 900 quod
1045 863 1119 901 ego
1151 863 1268 900 nuper
1297 862 1320 886 a

139 921 198 964 te,
237 917 382 962 Moeri,
420 918 667 954 auscultando
699 916 933 962 auferebam,
972 930 1099 966 quum,
1140 922 1251 968 gestu
1283 921 1322 954 et

139 983 244 1023 vultu
273 983 445 1029 imitans,
477 985 615 1032 κῶμον
645 988 685 1020 tu
716 984 893 1033 pulchrae
922 983 1199 1033 Amaryllide?
1231 996 1322 1035 age-

139 1052 226 1088 res?
268 1073 321 1079 -—
359 1050 514 1099 Κῶμος
551 1050 622 1087 iste
660 1055 724 1087 aut
765 1064 852 1088 vere
883 1064 905 1087 a
936 1050 1096 1100 Virgilio
1128 1049 1228 1087 fucta
1260 1054 1325 1087 aut

142 1118 317 1156 simulata
362 1123 506 1156 tantuin
552 1117 670 1154 libera
714 1117 911 1155 conversio
949 1117 1050 1154 tertii
1089 1117 1205 1166 idyllii
1243 1122 1325 1155 erat

141 1185 361 1231 Theocriti,
392 1184 453 1222 ubi
486 1184 646 1222 musicus
678 1185 823 1234 quidum
855 1185 1049 1230 silvester,
1080 1185 1162 1222 dum
1195 1199 1323 1236 perso-

142 1265 224 1289 nam
263 1251 366 1303 gerit
402 1251 582 1302 caprarii,
623 1251 723 1289 canit
762 1256 799 1289 et
836 1252 970 1297 saltat,
1011 1253 1114 1301 quasi
1146 1258 1233 1290 ante
1264 1266 1324 1290 sa-

142 1331 252 1356 xeum
291 1323 436 1355 antrum
476 1319 638 1355 crudelis
677 1319 974 1370 Amaryllidis
1012 1324 1187 1370 precetur
1218 1334 1325 1358 anio-

144 1398 234 1424 rcm.
295 1384 524 1436 Principium
556 1390 631 1422 est:

347 1496 510 1529 Carmina
534 1507 646 1538 nunc,
685 1497 872 1539 Amarylli,
908 1496 1034 1537 fera1n3
1077 1500 1219 1540 pascunt
1245 1496 1327 1530 mihi

460 1562 583 1595 caprae

237 1607 306 1641 Per
328 1611 486 1649 montes,
512 1611 545 1640 et
569 1618 627 1640 eas
653 1608 801 1640 custodit
827 1608 969 1649 Tityrus
995 1608 1075 1640 illic.

348 1663 489 1704 Tityre,
523 1662 666 1695 deliciae
691 1667 829 1695 nostrae
854 1668 909 1703 tn,
945 1674 1046 1706 pasce
1070 1666 1237 1708 capella83

235 1718 287 1750 Ad
313 1717 425 1752 fontes
450 1718 570 1760 adigas
596 1723 649 1755 tu,
675 1718 816 1759 'l'ityre3
844 1719 1072 1752 testiculatnin

236 1774 305 1808 Sed
330 1774 497 1816 Libyouin
523 1785 661 1808 servare
686 1785 824 1816 capi-nni
849 1786 948 1815 cnra3
985 1775 1062 1809 serit
1086 1774 1154 1809 ille.

349 1831 379 1862 Ο
405 1829 571 1871 Ainarylli
596 1829 676 1861 milii
703 1830 828 1871 ‹lnlcis3
856 1842 923 1863 non
949 1832 1093 1874 amplius
1118 1836 1216 1866 antro

238 1884 310 1918 Cur
334 1888 369 1918 tu
395 1885 608 1928 prospiciens
634 1897 687 1918 ine
712 1885 796 1919 dicis
822 1886 1034 1920 anniculum?

148 1987 238 2025 Inde
268 1992 443 2038 apparet,
475 1988 797 2039 Amaryllidem
827 1991 923 2040 apud
956 1990 1151 2042 Virgilium
1183 2005 1331 2042 quoque

147 2053 271 2092 fictam
320 2068 403 2092 esse
449 2055 632 2105 puellam,
678 2056 735 2093 cui
781 2056 890 2093 fictus
928 2059 1061 2106 κῶμος
1099 2072 1121 2095 a
1159 2060 1330 2108 caprario

149 2135 225 2159 non
269 2122 389 2159 minus
429 2122 516 2159 ficto
556 2126 667 2159 cunm
707 2127 744 2159 et
781 2125 983 2161 saltatione
1014 2125 1158 2161 inimica
1189 2126 1330 2175 agitur.

151 2188 261 2226 Serio
292 2202 454 2239 ponere,
488 2202 612 2228 verani
644 2190 828 2227 dominam
860 2191 1042 2228 uinutorio
1073 2192 1197 2229 studio
1229 2194 1334 2232 Moe-

151 2256 209 2294 rin
249 2257 451 2296 convenire
491 2270 629 2304 senem,
669 2261 708 2295 et
744 2258 894 2297 rivalem
933 2259 1189 2306 insidiantem,
1222 2260 1334 2311 Lyci.
