1515 2620
465 151 670 192 ECLOGA
703 154 798 199 vlu,
831 159 1009 195 58—61.
1246 164 1333 204 129

139 258 384 298 Narcissus
414 260 470 307 Π,
500 265 567 301 48.
626 263 874 310 Electrum,
917 266 1016 315 quod
1045 267 1246 305 secundum
1276 267 1333 307 fa-

140 325 245 364 bulas
276 327 343 373 vl,
377 332 428 366 63
460 328 535 366 alni
565 334 631 365 aut
660 331 788 381 populi
818 331 973 369 Eridani
1002 334 1158 380 sudant,
1200 334 1329 371 destil-

137 392 191 430 let
230 406 347 439 nunc,
396 399 439 431 ut
469 398 644 444 pingue
681 397 865 446 quoddam
903 399 1061 449 gummi,
1107 413 1155 438 ex
1194 400 1326 438 scabro

137 460 280 498 cortice
309 464 505 510 myricae
534 461 603 506 W,
644 466 681 500 2.
742 463 954 510 Electra,
996 466 1130 515 plurali
1160 479 1326 513 numero,

139 539 212 562 nou
244 527 383 574 minus,
416 540 525 577 quam
555 526 742 574 hordea,
777 535 817 566 ut
847 544 974 580 parum
1008 533 1145 570 Latine
1176 534 1325 580 dictum,

134 591 248 630 facile
299 594 671 632 admurmuraverint.
760 595 817 632 De
867 596 1039 634 fabuloso
1091 612 1324 647 cycnorum

135 663 247 695 cantu
286 660 521 709 antiquitatis
558 666 644 711 post
681 661 879 698 Homerum
910 664 979 712 Ep.
1012 664 1128 712 Myth.
1159 666 1211 709 ll,
1258 673 1324 707 12.

136 729 187 762 13
232 722 318 775 (50.
359 726 444 774 51).
510 727 667 772 L'lnla,
712 728 870 778 Apulejo
908 733 1081 773 auctore,
1120 729 1222 766 boris
1261 744 1325 769 ve·

133 791 311 840 spertinis
341 793 492 830 auditur
529 794 599 831 Lb.
632 794 666 838 Ι,
705 797 798 832 403.
867 795 1073 844 Tityrus,
1115 800 1226 832 notus
1253 796 1325 833 ali-

133 857 214 906 quis
245 859 410 896 aemulus
441 860 478 896 in
508 860 730 897 rusticorum
755 865 837 897 arte
862 861 1002 897 musica
1025 861 1226 911 fingendus
1251 867 1322 908 est,

131 922 194 972 qui
223 923 422 961 insat-etiae
453 937 541 961 suas
571 927 794 976 arrogantia
823 927 1107 976 compensabat,
1137 929 1322 978 Amyntae

130 989 194 1027 ine
230 1003 304 1027 non
338 990 527 1028 dissimilis
556 991 593 1028 in
625 991 754 1040 quinta
784 992 919 1043 ecloga
949 1006 983 1030 v.
1017 998 1040 1031 8
1071 993 1183 1032 irrisi.
1245 996 1321 1034 lste

130 1055 293 1106 Tityrus
319 1057 491 1107 Orpbeus
515 1058 649 1108 aliquis
675 1058 854 1095 continuo
875 1059 1064 1097 videatur:
1096 1061 1176 1105 sed,
1210 1060 1320 1098 etiam

127 1123 300 1160 acerbius
344 1124 492 1174 adjicit,
538 1125 708 1174 Orpheus
758 1125 892 1174 aliquis
938 1125 1028 1162 feris
1072 1126 1318 1171 silvestribus,

127 1189 246 1226 Arion
283 1190 417 1240 aiiquis
455 1191 631 1226 monstris
665 1191 838 1235 marinis3
876 1192 978 1227 sanis
1009 1191 1216 1228 bominibus
1247 1192 1320 1229 erit

127 1255 302 1304 Tityrus.
362 1257 465 1294 Haec
494 1270 640 1306 quoque
671 1256 838 1293 irrisoris
869 1257 1000 1306 petitio
1031 1257 1153 1294 animo
1175 1263 1318 1295 tantum

127 1326 332 1359 excusatur
378 1322 574 1359 imitatrice
615 1327 696 1359 arte
736 1323 929 1372 missgato3
977 1337 1067 1361 vera
1104 1323 1316 1372 desperatio

127 1387 163 1424 in
195 1387 287 1424 Nisa
317 1392 355 1424 et
385 1388 420 1424 iu
451 1389 584 1438 Mopso
616 1402 700 1425 sese
732 1389 993 1426 continuisset.
1054 1389 1111 1425 De
1149 1387 1316 1433 Orpheo

126 1453 197 1490 Lb.
228 1454 290 1499 lv,
322 1457 417 1492 454.
447 1456 542 1505 Epp.
572 1456 689 1503 Myth.
722 1456 749 1498 Ι,
781 1458 804 1491 5
838 1468 872 1503 p.
905 1459 954 1491 32
989 1452 1095 1504 (34).
1154 1453 1314 1498 Arion,

125 1519 364 1557 citharoedus
411 1533 460 1557 ex
502 1521 718 1569 Methymna
755 1519 888 1564 Lesbi,
933 1519 1099 1556 Draconi
1136 1518 1316 1567 aequalis,

124 1586 300 1624 inventor
336 1586 508 1638 tragicae
537 1587 698 1624 choreae
729 1586 808 1624 sive
839 1585 1079 1634 dithyrambi,
1121 1588 1318 1633 postquam

124 1652 291 1691 Siciliam
321 1658 359 1690 et
389 1653 530 1690 ltaliam
562 1656 844 1703 peragraverat,
875 1664 898 1687 a
921 1652 1095 1688 'l'arento
1121 1663 1216 1688 nave
1241 1651 1315 1686 Co-

123 1719 262 1756 rinthia
300 1719 518 1756 Corinthum
549 1719 596 1756 ad
626 1732 754 1769 regem
787 1717 1029 1753 Periandrum
1061 1716 1183 1753 redire
1214 1716 1316 1753 vole-

124 1785 199 1823 bat.
258 1785 400 1836 Opibus
437 1786 518 1836 ejus
557 1790 694 1822 nautae
724 1783 901 1820 stimulati
932 1787 1085 1820 mortem
1120 1782 1155 1819 ei
1185 1781 1317 1819 minati

125 1855 234 1896 sunt,
275 1856 398 1888 tamen
438 1852 704 1901 permiserunt,
747 1855 788 1886 ut
826 1848 1031 1886 citharoedi
1071 1848 1196 1885 babitu
1234 1860 1315 1884 ear-

124 1930 207 1954 men
238 1921 350 1954 antea
379 1917 579 1954 ordiretur.
639 1917 734 1952 l'ost
764 1920 912 1952 cantum
943 1919 1132 1964 peractum
1156 1913 1194 1950 in
1212 1925 1315 1950 mare

127 1983 298 2028 desiluit,
345 1987 383 2019 et
421 1996 443 2019 a
473 1982 646 2032 delphino
685 1994 860 2018 sonorum
898 1985 1045 2018 inmante
1082 1980 1129 2016 ad
1160 1980 1315 2016 Taena-

125 2062 205 2086 rum
244 2048 436 2086 Laconiae
479 2048 646 2098 perlatus
676 2053 753 2093 est,
801 2046 864 2084 ubi
900 2047 1044 2084 ahenea
1081 2050 1208 2082 statua
1237 2056 1314 2080 rem

126 2114 317 2153 mirificam
347 2115 569 2151 testabatur.

242 2183 436 2219 58—61.
499 2178 682 2216 vesaniae
720 2177 877 2221 amoris,
923 2189 1030 2226 quam
1069 2179 1180 2225 poeta
1217 2187 1314 2211 eom·

128 2246 279 2285 mittens
309 2246 377 2283 sub
412 2246 541 2282 oculos
571 2244 739 2294 subjicit,
770 2243 880 2279 Pindi
912 2247 1065 2291 repento
1095 2241 1233 2278 circum
1258 2241 1316 2291 ja-

1123 2300 1148 2334 9
