1515 2620
215 168 305 208 226
550 159 754 197 ECLOGA
785 159 840 205 x,
874 163 1051 198 57-63.

219 273 429 325 proprium!
476 271 604 308 llaec
634 270 797 322 pertinet
827 271 872 307 ad
903 271 1140 318 medicina,
1174 274 1406 322 quemadmo-

222 342 304 378 dum
336 337 443 377 ltaec
467 342 620 386 potior
650 339 820 376 soboles
850 337 922 376 Lb.
955 337 1017 384 lv,
1051 343 1142 384 100,
1174 344 1212 376 et
1231 340 1407 378 Terentii

220 406 328 444 haec
359 408 445 443 illa
475 409 702 443 miseratio
735 414 823 451 e⁸t;
872 405 997 456 itaque
1028 405 1184 456 requirit
1214 409 1293 452 cit,
1332 420 1405 445 non

217 478 327 520 sint,
367 487 439 524 quo
468 471 576 511 haec
606 474 651 510 ad
684 474 853 524 proxime
885 473 1111 511 antecedens
1141 475 1320 521 xpicnla
1349 487 1406 513 re-

215 542 479 593 stringeretur.
540 541 666 579 Beus
696 547 753 578 est
783 543 910 578 Amor.
971 541 1164 587 stlalum,
1207 541 1300 578 dura
1330 541 1408 580 vita

215 608 417 654 silvestris,
449 622 522 659 qua
553 622 626 660 ego
658 622 746 645 usus
778 615 910 646 contra
940 607 1051 645 animi
1083 607 1270 646 libidinem
1300 609 1407 646 anni-

215 683 294 713 tor:
342 676 450 727 quale
489 676 558 713 Lb.
598 677 648 721 ll,
694 681 769 715 168
815 678 1028 713 all-metus
1073 677 1188 713 malo
1237 676 1405 727 Ligur.

212 743 430 794 Desperans
470 757 542 780 non
583 750 725 780 tantum
757 743 981 780 saltationes
1012 743 1104 780 istas
1135 743 1318 782 Oreadum
1351 751 1403 781 te:

213 812 395 848 mulentas
427 810 592 861 deponit,
625 810 757 860 quibus
788 825 822 850 v.
844 815 895 850 55
928 824 969 848 se
1000 811 1190 849 oblectare
1217 812 1402 858 voluerat,

213 879 279 916 sed
311 879 421 916 etiam
453 891 595 915 omnem
627 884 796 925 cantum,
829 891 901 929 quo
933 892 967 916 v.
1003 883 1056 917 50
1087 878 1158 916 sibi
1190 879 1405 917 blandiebar·

212 952 283 993 tur,
315 951 353 983 et
383 945 594 983 universum
625 946 826 991 decretum,
858 946 1038 983 Arcadem
1070 945 1151 983 fieri
1182 947 1402 984 silvicolam-

211 1014 352 1051 Nomen
396 1014 761 1064 Hamadryades,
812 1013 910 1058 sive,
965 1013 1063 1064 quod
1103 1013 1198 1050 idem
1239 1014 1400 1060 valebat,

210 1081 422 1132 Dryades
456 1080 593 1131 (Plut.
628 1082 797 1131 Eum),
840 1094 907 1130 pro
938 1081 1135 1131 Nymphis,
1167 1093 1264 1131 quae
1293 1082 1401 1119 simul

210 1162 290 1186 cum
322 1148 518 1186 arboribus
549 1148 756 1185 commissis
786 1153 823 1184 et
853 1146 946 1184 fiunt
976 1154 1013 1184 et
1043 1148 1292 1194 emoriuntur,
1333 1151 1403 1186 Ar-

210 1216 361 1254 cadicae
393 1222 475 1254 erat
506 1215 680 1268 originis.
713 1215 893 1260 Arcades,
926 1215 1137 1253 Pausanias
1168 1216 1287 1266 inquit
1302 1217 1400 1263 vm,

210 1289 247 1330 4,
279 1284 516 1334 Dryadum
554 1290 592 1320 et
629 1283 977 1332 Epimeliadum‚
1016 1283 1039 1320 i.
1080 1296 1112 1321 e.
1151 1284 1400 1335 Nympharum

210 1352 380 1388 arborum
413 1358 450 1389 et
466 1351 713 1402 Nympharum
730 1351 922 1401 pecudum,
953 1351 1114 1397 nomine,
1146 1352 1282 1389 Naides
1312 1365 1400 1391 suas

210 1418 287 1455 sive
310 1418 409 1455 Deas
441 1418 597 1456 fontium
629 1419 776 1465 dicunt-3
808 1432 917 1469 quum
949 1419 1133 1456 Homerus
1151 1419 1400 1470 Nympharum

210 1485 344 1523 eximie
376 1485 531 1522 Nai'dum
564 1486 787 1523 mentionem
819 1486 945 1524 faciat.
1007 1486 1184 1524 Profecto
1216 1488 1400 1525 Homerus

211 1553 251 1589 ll.
282 1552 370 1597 XX,
403 1557 455 1590 20
486 1553 672 1603 Nymphas
703 1566 910 1597 nemorum,
943 1552 1098 1589 fontium
1131 1553 1329 1591 fluvialium
1360 1560 1400 1592 et

210 1620 377 1665 vallium,
424 1626 481 1665 et,
525 1619 698 1670 quoniam
740 1619 856 1657 silvae
895 1626 932 1656 et
969 1619 1094 1657 fontes
1135 1621 1170 1657 in
1210 1622 1397 1659 montibus

210 1694 309 1733 snut,
340 1687 526 1737 Nymphas
557 1700 703 1738 quoque
734 1687 910 1723 montium
944 1687 1077 1737 Odyss.
1112 1688 1172 1733 U,
1207 1694 1283 1727 123
1315 1689 1395 1727 sire

220 1754 475 1793 orestiades
507 1755 546 1791 ΙΙ.
580 1755 640 1800 Π,
675 1759 767 1800 417,
798 1762 930 1805 postea
961 1756 1127 1792 Oreades
1159 1756 1298 1801 dictas,
1331 1769 1397 1793 no-

210 1823 283 1869 vit3
324 1823 513 1873 Dryadum
552 1828 673 1859 autem
714 1836 845 1859 nomen
885 1829 922 1860 et
960 1822 1028 1873 ipsi
1068 1829 1104 1860 et
1143 1823 1312 1860 omnibus
1350 1823 1397 1861 ad

210 1891 363 1928 Pindari
394 1903 510 1940 usque
541 1896 701 1927 aetatem
733 1890 901 1942 ignotum
933 1897 1001 1927 est.
1036 1891 1220 1928 Hesiodus
1250 1891 1397 1942 quidem

210 1958 415 2009 Nymphis,
461 1971 553 2008 quas
600 1971 680 1996 cum
727 1959 874 2008 Satyris
916 1959 992 2010 jam
1037 1959 1228 1996 Arcadicis
1275 1959 1396 1997 sociat

211 2026 358 2064 Strab.
389 2025 427 2061 X
458 2039 492 2076 p.
525 2030 627 2071 471,
665 2025 776 2063 vitam
809 2026 934 2063 tribuit
966 2026 1114 2078 longam
1146 2034 1183 2063 et
1213 2026 1396 2064 emorien-

211 2100 297 2139 tem,
329 2099 386 2138 et,
417 2093 449 2130 si
480 2093 667 2144 Nymphae
699 2092 851 2131 Meum
882 2107 905 2131 a
936 2092 1095 2130 fraxinis
1126 2107 1259 2130 nomen
1291 2107 1397 2131 suum

213 2162 456 2206 invenerunt,
497 2161 680 2211 aliquibus
719 2174 865 2211 quoque
896 2160 1112 2198 societatem
1143 2174 1223 2198 cum
1254 2161 1397 2198 arbori-

212 2229 301 2274 bus3
340 2234 377 2266 et
407 2229 561 2278 hymnus
592 2229 815 2266 Homeridae
847 2228 881 2265 iu
915 2229 1095 2266 Venerem
1125 2243 1159 2266 v.
1193 2233 1274 2268 ‘258
1304 2229 1396 2267 Ore-

212 2295 351 2333 stindes
382 2295 565 2342 celebrat,
598 2308 714 2345 quae,
746 2296 969 2348 longaevae,
1000 2296 1187 2334 ambrosia
1215 2295 1392 2341 nutritae,
