1515 2620
156 177 245 218 130
479 143 684 203 acroma
713 161 788 208 ix,
820 164 997 200 37—43.

156 282 329 333 quoniam
369 275 531 315 naturali
571 273 703 311 ordine
739 283 885 311 versum
916 291 971 299 -
1001 273 1155 307 sarcit.
1212 268 1336 320 Virgi-

155 348 226 385 lius
262 345 385 396 prisca
421 342 570 379 ratione
609 340 724 379 verba
762 336 1012 388 transposuit,
1059 336 1169 386 quale
1199 335 1337 372 Ennia·

155 426 238 451 num
267 410 380 448 illud:
418 409 541 445 volat
568 418 702 454 svper
732 409 917 454 impetus
949 404 1107 441 undas.

266 479 446 515 37—43.
505 474 646 511 Moeris
677 473 777 510 aliud
808 484 956 509 carmen
988 468 1125 507 domini
1148 466 1206 504 sui
1230 465 1338 504 remi-

153 543 328 588 niscitur,
389 554 438 578 ex
490 554 563 591 quo
615 538 880 590 alloquutionis
927 537 1075 574 tandem
1119 532 1339 584 Polyphemi

153 608 312 648 amantis
351 608 399 646 ad
437 607 633 645 Galateam
670 606 833 644 Nereida
871 605 957 649 ΠΙ,
1012 609 1065 645 37
1103 600 1336 644 recordatur,

150 690 245 727 (guae
282 680 320 713 et
360 675 442 725 ipsa
479 674 637 711 imitatio
679 678 737 711 est
777 672 853 710 alte
890 685 912 709 a
952 668 1163 708 Theocrito
1206 666 1336 717 petita.

149 744 250 781 Tam
294 741 440 779 nobile
481 754 678 785 carmen,
729 744 847 777 semet
887 738 1009 788 iuquit
1045 734 1336 787 reprehendenS,

148 823 216 861 par
265 813 366 852 erat,
430 820 487 844 me
541 820 616 844 non
670 805 854 844 oblivisci!
935 805 1043 855 Apud
1091 800 1337 840 Theocritum

148 875 225 920 xl,
254 878 306 911 42
332 872 484 924 juvenis
515 874 686 924 cyclops,
718 873 801 910 dum
833 872 1020 922 procellae
1050 875 1149 915 sunt,
1180 879 1337 918 vespere

147 939 372 979 auctumnali
418 939 455 976 in
495 953 587 990 rupe
625 952 742 990 prope
779 938 868 976 litus
898 939 1028 984 sedet,
1077 943 1115 974 et
1144 936 1191 974 ad
1223 933 1336 972 Gala-

147 1013 245 1046 team
275 1006 438 1044 nondum
469 1011 707 1057 conspectam
738 1005 858 1043 canit:

234 1117 291 1150 Tu
316 1116 375 1149 sed
402 1116 483 1149 ades
508 1127 615 1159 prope
640 1127 715 1158 nie,
751 1125 815 1148 nec
841 1113 1025 1157 quidquam
1051 1111 1146 1155 [wius
1173 1107 1332 1143 habebis!

235 1170 397 1205 Coerulei
421 1171 547 1204 feriant
571 1171 707 1204 fremitu
732 1170 807 1204 sine
832 1169 934 1202 litora
958 1170 1100 1208 ssuctus3

233 1228 343 1260 Antro
367 1231 404 1259 tu
430 1227 549 1260 melius
573 1238 683 1270 prope
708 1237 763 1260 me
787 1226 853 1259 sita
877 1230 978 1258 nocte
1003 1224 1172 1268 quiesces.

234 1283 322 1315 Sunt
347 1286 381 1315 et
413 1281 460 1315 ibi
484 1284 621 1325 laurus,
655 1282 702 1316 ibi
726 1287 805 1315 sunt
831 1282 1046 1324 gracilesque
1071 1277 1242 1323 cupressi3

234 1339 322 1371 Sunt
346 1337 493 1371 hederae
518 1338 659 1380 nigrae,
684 1338 814 1371 fructus
840 1337 907 1370 fert
930 1336 1009 1370 vitis
1034 1345 1218 1375 amoenos;

232 1392 416 1426 Ambrosio
440 1398 544 1435 gustu
567 1393 733 1436 frigentes
758 1397 836 1426 sunt
860 1392 943 1426 mihi
966 1392 1097 1432 sontes3

232 1448 375 1481 Arboris
398 1452 511 1481 Aetna
534 1448 630 1482 ferax
657 1450 841 1483 candentes
866 1449 908 1482 de
932 1448 1010 1481 nive
1036 1446 1149 1480 mittit.

235 1503 321 1538 Quis
345 1503 448 1536 maris
472 1503 524 1537 his
550 1506 658 1538 salsos
683 1505 777 1538 malit
801 1515 1016 1547 praeponere
1041 1500 1193 1536 fluctus?

143 1605 307 1656 lndeque
336 1618 371 1644 v.
403 1609 454 1643 62
468 1618 478 1642 ε

232 1682 311 1715 Huc
336 1680 482 1714 Galatea
506 1680 603 1722 veni,
629 1680 720 1723 noli,
745 1681 774 1714 si
798 1680 933 1714 veneris
957 1691 1133 1724 umquam,

232 1737 317 1770 Post
342 1740 375 1769 et
398 1735 493 1769 abire
517 1736 675 1778 domum,
707 1747 887 1770 remanens
914 1746 1046 1769 mec-,im
1071 1739 1283 1769 remanente.

142 1804 325 1857 Virgilius
356 1808 490 1842 contra
519 1818 627 1842 mane
656 1818 810 1844 vernum
841 1805 974 1857 eligit,
1006 1818 1079 1855 quo
1110 1817 1224 1842 aurae
1254 1805 1328 1855 spi-

142 1876 247 1917 rant,
285 1884 396 1922 quum
433 1871 594 1909 Galatea
629 1871 770 1918 facilis,
810 1872 846 1908 in
885 1871 994 1908 undis
1025 1871 1243 1920 lasciviens,
1282 1872 1328 1909 ab

142 1941 310 1975 amatore
340 1942 509 1975 amanter
539 1938 578 1975 in
608 1939 746 1976 siccum
769 1941 934 1991 cogitur.
994 1939 1161 1989 [traque
1177 1937 1327 1976 eonfor-

142 2004 256 2042 matio
288 2003 446 2042 consilio
478 2017 547 2042 suo
579 2010 667 2055 apta
697 2011 767 2043 est.
827 2006 907 2043 lllic
936 2006 1095 2056 nympha
1119 2011 1266 2043 noctem
1288 2005 1325 2041 in

143 2071 416 2109 auctumnalem
458 2071 503 2109 ad
535 2072 717 2122 placidam
747 2073 907 2123 quietem
938 2073 1036 2110 antri
1066 2086 1114 2111 ex
1144 2086 1236 2124 rupe
1266 2085 1327 2110 ca-

144 2137 222 2175 vati
260 2142 299 2175 et
337 2137 454 2175 lauris
491 2143 529 2175 et
566 2139 755 2190 cupressis
785 2139 855 2176 tuti
886 2139 1083 2186 invitatum
1122 2139 1235 2191 nigra
1264 2140 1327 2177 he-

143 2203 233 2241 dera
251 2204 315 2251 ΙΙΙ,
348 2209 413 2250 39,
445 2217 541 2254 quae
570 2212 749 2244 montano
779 2206 842 2244 isti
872 2206 1019 2243 immani
1049 2206 1195 2257 species
1225 2212 1327 2244 esset

141 2269 291 2315 melior,
322 2281 487 2309 coronas
517 2269 593 2310 sert
621 2278 787 2321 amatae,
817 2272 904 2313 vitis
933 2284 1026 2312 uvas
1056 2277 1214 2325 gustatu
1243 2284 1328 2311 sun-
