1472 2620
186 201 239 241 μ
469 196 667 233 ECLOGA
699 196 766 243 vi,
809 201 995 235 13—17.

183 309 258 346 ciat
286 309 484 359 spirantem
515 308 647 345 altiore
676 320 766 346 aura
795 308 968 353 silvestri,
1001 308 1047 345 ad
1074 320 1180 358 quam
1203 309 1348 361 cogit&

183 377 235 413 tio
273 389 354 413 eum
390 376 435 412 de
465 375 614 411 excelso
646 376 762 421 varo,
801 375 857 412 cui
897 375 1126 420 inscribitur,
1163 377 1349 414 animabit.

183 444 279 488 Mos,
311 456 395 492 quo,
428 442 488 491 qui
519 441 553 478 in
585 441 689 493 agris
718 442 911 487 canebant,
943 441 1174 480 accuratiora
1189 444 1351 481 carmina

185 510 282 546 inter
318 515 450 546 cantus
487 515 523 545 et
560 508 706 546 fistulae
742 510 905 547 alternas
936 510 1034 547 vices
1065 509 1099 546 iu
1132 509 1268 547 cortice
1299 510 1352 547 iu-

185 577 412 626 sculpebant,
443 577 488 614 ad
521 577 562 621 V,
598 583 658 615 13.
690 583 890 614 annotatus
922 584 989 613 est.
1036 576 1226 626 Pagina,
1258 577 1355 614 latus

185 644 388 694 conscripti
418 643 515 689 folii,
557 644 634 681 sive
665 658 684 681 e
714 645 872 689 cortice,
916 644 993 682 sive
1024 656 1043 681 e
1074 644 1196 696 ligno,
1228 645 1304 682 sive
1334 657 1354 682 e

186 723 323 761 papyro
354 712 409 749 vel
441 711 568 748 cbarta
597 711 831 762 Pergamena
861 711 926 747 sit:
965 711 1143 751 vocabulo
1174 725 1220 749 ex
1252 711 1354 764 agri-

184 778 326 815 cultura
357 778 490 828 petito‚
530 778 589 814 ubi
625 785 767 814 actum
797 779 1061 828 quadratum
1097 779 1174 817 sive
1205 792 1354 816 aream

185 844 367 881 declarat:
393 845 488 882 unde
506 845 718 881 translatum
733 847 969 895 plagulam
993 846 1143 896 primum
1160 847 1356 897 qnadra-

184 920 271 949 tam
308 912 524 962 scriptorum
562 925 730 949 versuum
768 912 918 950 indicat.
996 915 1052 951 lta
1082 917 1260 964 pagiua
1297 920 1356 950 est

187 978 222 1015 in
255 979 444 1029 Calpurnii
475 979 502 1025 l,
535 983 620 1017 20.:

274 1055 342 1087 Sed
367 1065 530 1098 quaenam
555 1065 649 1088 sacra
673 1055 839 1098 descripta
863 1061 913 1088 est
937 1056 1060 1098 pagina
1084 1055 1177 1097 fago,

273 1112 383 1146 Quam
408 1111 526 1151 modo,
553 1111 666 1144 nescio
692 1111 786 1155 quia,
813 1111 1006 1155 properanti
1032 1111 1117 1144 falce
1143 1110 1299 1145 notavit?

299 1182 402 1230 lpsos
431 1193 583 1218 versus
607 1181 753 1226 dicens,
783 1181 896 1217 aratri
928 1181 1030 1231 quasi
1062 1180 1235 1230 quasdam
1266 1193 1355 1218 con-

187 1245 378 1285 versiones
408 1247 545 1284 rustico
576 1247 753 1285 vocabulo
792 1248 977 1284 Romanus
1008 1248 1172 1293 ‹licebat3
1215 1248 1356 1298 scripta

188 1327 332 1364 quoque
369 1327 480 1364 saepe
517 1320 671 1351 exarata
708 1313 934 1352 dicebantur.
1001 1315 1059 1351 Ex
1099 1314 1200 1353 Vari
1226 1326 1356 1361 prae-

188 1385 370 1429 scripsit
388 1395 537 1419 nomen
559 1387 724 1431 apparet,
757 1394 828 1417 non
855 1382 1064 1426 Silenum,
1094 1382 1160 1418 sed
1186 1377 1354 1427 Varum,

188 1461 260 1499 quo
292 1448 437 1485 nomine
467 1448 602 1498 primus
626 1448 793 1484 Donatus
824 1451 896 1484 vit.
938 1448 1054 1497 Virg.
1086 1453 1150 1486 24.
1181 1461 1259 1485 eam
1290 1462 1354 1500 ap·

189 1516 319 1567 pellat,
361 1516 455 1552 lianc
491 1515 657 1566 eclogam
696 1528 781 1553 vere
819 1515 982 1552 inscribi.
1060 1515 1271 1553 Hafniensis
1309 1516 1354 1554 A

189 1597 255 1634 pro
285 1595 445 1627 nomen,
476 1596 629 1620 morem
660 1583 746 1620 vitio
777 1582 949 1632 scriptum
980 1583 1100 1620 babet.

304 1655 493 1688 13—17.
569 1650 748 1686 Carminis
796 1650 840 1686 de
885 1656 1041 1686 canente
1079 1650 1206 1687 sileno
1244 1663 1354 1688 exor-

193 1718 308 1764 dium3
346 1717 451 1768 cujus
481 1721 626 1754 cantum
657 1717 841 1754 sublimem
872 1722 981 1767 pot‘ta
1011 1723 1183 1755 accurate
1214 1723 1251 1754 et
1280 1718 1352 1754 cal-

191 1785 264 1822 lide
294 1791 527 1833 sequuturus‚
552 1788 800 1831 priscarum
826 1785 1072 1829 illusarum,
1103 1785 1236 1834 quippe
1267 1784 1352 1821 dea-

193 1865 270 1889 ruin
312 1850 507 1889 Graecae
541 1855 772 1889 vetustatis
816 1852 902 1888 nibil
940 1852 1177 1889 nescientium
1214 1851 1275 1889 Il.
1307 1851 1351 1899 ll,

196 1923 295 1964 485,
340 1918 477 1955 auxilio
524 1933 613 1969 opus
658 1932 740 1956 esse
782 1918 980 1956 existimat.
1054 1919 1183 1955 Cultus
1227 1919 1352 1956 barum

198 1986 429 2036 nympharum
461 1986 614 2036 egregie
645 1987 857 2031 cautricum,
888 1998 1037 2036 quarum
1070 1999 1253 2022 numerum
1278 1986 1352 2022 Ho-

202 2066 321 2091 merus
357 2058 394 2090 et
431 2053 612 2089 Hesiodus
656 2053 887 2091 novenarium
934 2053 1222 2093 constituebant.
1269 2053 1351 2089 dum

200 2122 291 2158 deae
313 2132 454 2171 quoque
477 2120 570 2158 aliae
594 2120 730 2157 minore
754 2120 898 2158 numine
920 2119 1111 2158 fontanae.
1142 2132 1235 2169 quae
1265 2124 1352 2170 po‘e-

200 2188 247 2225 tis
277 2188 501 2238 aspirarent,
539 2187 620 2224 aliis
657 2187 691 2224 iu
723 2188 830 2224 terris
860 2187 932 2225 alio
963 2199 1111 2223 numero
1141 2193 1177 2224 et
1206 2187 1353 2226 nomine

201 2255 433 2300 colebantur,
482 2267 528 2292 ex
567 2255 731 2292 Thracia
774 2254 948 2292 maturius
993 2254 1135 2291 erudita
1171 2252 1351 2305 originem

200 2322 348 2360 duxisse
378 2322 532 2359 videtur.
593 2322 681 2358 Nam
711 2322 881 2366 Pteria,
920 2321 1055 2358 Strabo
1093 2321 1210 2371 inquit
1246 2321 1294 2358 Χ.
1327 2326 1349 2359 3
