1472 2620
164 111 229 151 40
493 104 695 142 sscLoGA
727 104 786 149 w,
826 108 1016 146 64—73.

167 217 246 256 nati
283 216 445 269 vestigia
482 216 698 261 manebant,
738 222 775 253 et
813 215 848 252 iu
889 215 1162 265 imperitissimo
1193 229 1339 267 quoque

167 285 348 336 scriptore
384 283 593 321 firmissima
630 283 713 322 Lib.
755 284 790 329 1,
839 288 933 322 481.
1007 283 1147 320 Nomen
1187 284 1339 322 Eridani

164 359 285 391 autem
325 351 427 388 Pado
465 351 678 397 Adriatico,
733 351 793 401 qui
832 349 1144 388 celebratissimus
1183 358 1263 388 erat
1302 352 1338 389 in

165 419 353 457 erroribus
381 419 545 464 heroum,
577 418 816 456 constitutum
837 418 1024 455 manebat:
1058 418 1195 455 Strabo
1216 431 1339 468 quam·

165 500 283 538 quam,
314 487 486 537 quoniam
521 486 718 523 Eridanum
749 492 912 524 veterum
944 486 980 522 in
1012 485 1190 523 Celticum
1222 486 1339 523 Ocea-

163 568 246 591 num
294 553 448 592 influere
486 554 653 599 videbat,
701 560 841 591 tantum
880 554 915 590 in
956 553 1092 591 vicinia
1127 553 1219 590 Padi
1258 567 1337 591 eum

162 621 319 673 positum
351 622 565 673 quaerebat.
626 622 730 659 Nunc
761 621 817 659 vel
849 621 893 658 ad
919 621 1099 665 Padum,
1128 621 1185 659 vel
1217 621 1251 658 in
1284 621 1339 658 in-

163 689 253 726 sulis
295 690 533 727 electridibus
570 695 657 726 ante
696 690 775 740 ejus
815 689 971 734 ostium,
1018 688 1074 726 vel
1105 689 1149 726 ad
1180 689 1337 726 vicinum

161 756 310 807 aliquod
350 763 523 808 stagnum
554 757 809 807 sulphureum,
847 756 974 794 silvam
1005 769 1087 794 esse
1119 755 1335 794 fabulaban-

162 828 222 861 tur
259 825 430 861 arborum
469 823 780 869 electriferarum,
831 824 909 862 sive
948 824 1164 875 populorum
1207 824 1339 876 nigra—

161 905 258 937 rum,
304 892 383 930 sive
423 894 644 937 almorum,
691 905 785 942 quae
816 892 861 928 ad
893 892 1031 929 Padum
1066 893 1336 942 frequentiores

160 963 285 1005 erant,
332 959 411 998 sive
447 959 598 997 laricum
637 965 700 996 aut
740 960 908 1010 pinuum,
966 972 1116 1009 quarum
1155 961 1336 997 Gallicum

159 1039 291 1064 nomen
329 1027 475 1065 Palles
512 1026 644 1066 fluvius
681 1027 818 1064 habere
850 1027 1063 1063 dicebatur:
1111 1027 1193 1063 dum
1225 1041 1337 1078 quae-

158 1094 264 1131 rendi
313 1095 558 1132 studiosiores
604 1094 712 1131 etiam
760 1100 834 1130 tum
873 1094 1055 1145 originem
1096 1094 1235 1131 succini
1275 1101 1339 1132 aut

159 1162 453 1212 septemtrionali
484 1163 647 1207 Oceano,
681 1161 742 1198 ubi
773 1161 819 1198 ad
851 1161 1078 1198 occidentem
1109 1162 1223 1199 solem
1255 1176 1338 1213 spe-

159 1234 256 1275 ctat,
295 1235 360 1267 aut
398 1230 595 1267 arboribus
626 1228 807 1266 resinosis
839 1235 876 1265 et
906 1228 985 1266 sole
1015 1236 1126 1266 noctu
1159 1230 1339 1268 redeunte

159 1297 379 1343 calentibus,
423 1311 517 1348 quae
556 1297 605 1335 ibi
636 1304 773 1341 essent,
806 1296 968 1334 tribuere
999 1310 1071 1333 non
1104 1297 1337 1335 destiterunt.

271 1370 494 1403 64—73.
583 1365 672 1402 lnde
721 1365 872 1401 Silenus
919 1368 1106 1402 nemoris
1155 1364 1336 1416 Grynei,

158 1430 361 1480 Apollini
393 1435 582 1478 sacrati,
615 1432 820 1469 fabulosam
853 1432 1035 1483 originem
1068 1445 1201 1469 canere
1233 1433 1337 1470 insti-

159 1499 249 1546 tuit3
292 1500 357 1537 sed
389 1500 486 1550 ipse,
530 1499 614 1538 vino
647 1513 862 1551 quamquam
895 1501 1034 1544 elatus,
1085 1500 1268 1550 quomodo
1301 1501 1337 1538 id

159 1567 215 1605 vel
248 1567 381 1604 elatius
412 1567 469 1604 vel
501 1567 664 1617 Apollini
689 1567 889 1617 jucundius
921 1566 1045 1604 facere
1069 1567 1197 1617 possit,
1229 1581 1336 1618 quam

164 1633 357 1673 Gallus?
398 1634 508 1671 Canit
539 1633 674 1686 igitur:
708 1634 837 1671 Gallus
869 1634 1194 1684 quemadmodum,
1226 1648 1335 1685 quum

160 1702 314 1754 primum
377 1701 523 1753 poetica
585 1702 759 1747 auderet,
823 1702 868 1738 ad
931 1701 1143 1738 Heliconem
1204 1703 1335 1753 pavide

160 1783 310 1815 erranS,
358 1770 402 1807 ab
444 1782 518 1807 una
554 1769 742 1806 Musarum
783 1769 817 1806 in
850 1776 1007 1806 montem
1039 1770 1170 1806 ductus
1202 1770 1334 1818 fuerit3

160 1851 287 1876 omnes
333 1837 514 1888 Apollinis
561 1842 693 1887 poetae
732 1844 769 1873 et
807 1837 972 1888 poetriae
1011 1835 1137 1873 futuro
1177 1839 1333 1891 principi

159 1906 442 1958 praesagientes
489 1905 663 1941 honorem
714 1905 895 1955 quomodo
946 1904 1158 1951 habuerint,
1212 1913 1249 1944 et
1287 1908 1332 1945 de

160 1974 248 2011 sede
277 1987 345 2011 sua
373 1972 626 2016 surrexerint3
658 1980 694 2009 et
726 1972 863 2018 Linus,
896 1973 1117 2010 auctoritate
1146 1974 1331 2025 gravissi-

161 2055 262 2088 mus,
304 2040 604 2092 quemadmodum
637 2053 658 2076 a
687 2040 804 2077 Musis
830 2041 958 2092 jussus
990 2040 1139 2078 Hesiodi
1171 2040 1329 2079 fistulam

161 2111 195 2148 ei
241 2108 459 2154 tradiderit,
510 2114 551 2145 ut
598 2122 744 2146 nemus
794 2107 1033 2159 Grynemn,
1095 2121 1167 2159 quo
1226 2110 1328 2148 Deus

162 2179 381 2223 laetaretur,
435 2181 598 2216 caneret.
687 2178 727 2215 ln
774 2176 841 2214 hac
889 2189 1053 2226 quoque,
1117 2182 1158 2214 ut
1197 2177 1232 2214 in
1269 2191 1326 2215 re-

161 2246 269 2299 liquis
322 2244 482 2291 fabulis,
548 2244 820 2297 diligentiorem
873 2244 1167 2295 expositionem,
1228 2259 1321 2297 quae
