1472 2620
203 166 264 205 48
531 160 730 197 ECLOGA
758 160 822 205 vl,
853 165 906 199 72
918 167 1043 200 —73.

203 273 284 310 dum
323 286 344 310 a
373 271 522 309 medicis
552 271 754 309 adhibetur.
813 272 938 324 Magis
967 272 1064 309 inter
1093 280 1269 312 externos
1299 289 1366 313 ex-

203 347 343 377 ternam
382 339 549 376 arborem
591 337 907 388 (quemadmodum
939 339 1104 385 cedrum,
1142 353 1365 392 cupressum,

200 404 405 458 platanum)
438 416 540 443 suum
572 406 685 456 ipsius
717 420 846 444 nomen
878 407 1018 451 deceat,
1049 408 1145 457 quod
1177 407 1274 446 facili
1304 424 1367 448 ne-

200 474 306 526 gotio
344 474 378 510 in
412 479 572 510 nostram
603 474 765 526 linguam
798 475 950 520 transit,
991 487 1109 524 neque
1140 475 1367 515 incommode

200 542 245 579 ad
282 554 391 578 aures
421 541 566 578 accidit.

312 613 506 650 72—73.
570 608 769 658 Grynion
799 609 877 647 sive
912 609 1104 659 Grynia,
1151 610 1247 661 apud
1278 611 1365 649 Ser-

200 675 294 714 vium
330 675 485 727 Gryaa
516 682 553 712 et
586 675 787 726 Grytms,
819 676 914 726 apud
947 676 1172 726 Stephanum
1207 673 1364 728 Γρύιόι,

199 743 287 780 urbs
325 743 477 781 Aeolica
515 743 786 792 Myrinaeorum
825 744 870 779 ad
909 743 1028 780 sinum
1072 744 1246 781 Lesbium
1285 752 1366 783 erat

200 811 302 861 prius
341 811 516 855 nobilior,
563 815 646 860 post
685 810 887 847 Alexandri
918 811 1234 863 expugnationem
1265 813 1368 863 oppi-

200 878 321 915 dulum
359 884 498 915 tantum
537 890 616 914 cum
654 883 776 927 portu.
853 878 934 914 Non
973 877 1062 915 inde
1100 880 1226 929 procul
1264 880 1366 917 locus

199 945 359 995 Apollini
391 958 497 982 sacer
527 950 564 982 et
593 950 698 982 vetus
730 945 915 982 oraculum
947 951 983 982 et
1013 947 1243 996 splendidum
1275 954 1366 984 tem·-

199 1012 296 1063 plum
334 1012 465 1063 lapidis
495 1012 641 1049 candidi
671 1012 811 1049 aberat.
873 1012 1079 1050 Pausanias
1111 1015 1136 1050 Ι.
1168 1028 1202 1064 p.
1239 1019 1299 1053 19.
1331 1027 1365 1053 e.

201 1084 265 1117 21.
304 1093 420 1130 aeque
457 1093 500 1117 ac
537 1079 689 1117 servius
728 1092 917 1116 amoenum
955 1093 1101 1125 nemus,
1140 1082 1235 1130 quod
1267 1082 1366 1119 circa

200 1147 370 1198 templum
402 1154 501 1192 erat,
540 1147 759 1191 admiratur,
797 1146 833 1182 in
865 1159 935 1195 quo
967 1147 1118 1184 arbores
1149 1146 1365 1187 fructiferae

201 1221 238 1253 et
268 1229 339 1251 nor·
372 1213 607 1259 fructiferae,
649 1226 782 1251 suaves
813 1213 927 1250 odore
957 1220 993 1250 et
1024 1214 1218 1264 adspectu,
1256 1215 1363 1254 viridi

199 1282 388 1334 gramine,
438 1282 549 1320 variis
590 1280 739 1318 floribus
778 1281 953 1331 cujusque
991 1282 1076 1319 anni
1115 1283 1290 1333 temporis
1326 1290 1364 1321 et

199 1350 338 1388 crebris
376 1349 540 1387 fontibus
576 1349 740 1387 variatae
777 1354 894 1385 erant.
952 1350 1043 1386 Erat
1074 1349 1210 1401 igitur,
1254 1351 1363 1401 quale

199 1423 386 1454 nostrates
431 1418 620 1461 dicerent,
674 1430 733 1453 ‘aa
777 1428 912 1465 parc,·
960 1417 1161 1467 cujusmodi
1204 1417 1362 1470 Longus

200 1497 345 1534 quoque
377 1485 403 1521 Ι.
432 1497 615 1533 prooem.
648 1496 774 1520 nemus
801 1484 1032 1533 nympharum
1057 1484 1228 1522 Lesbium
1247 1484 1360 1523 fuisse

201 1552 308 1588 dicit:
341 1552 545 1589 ,lucundum
566 1564 689 1587 nemus
721 1556 811 1594 erat,
844 1549 1017 1587 refertum
1049 1551 1253 1596 arboribus,
1286 1553 1360 1603 ple-

200 1632 284 1656 num
315 1618 442 1656 florum
474 1625 510 1655 et
541 1618 736 1666 irriguu1113
768 1631 861 1654 unus
893 1617 975 1654 fons
1005 1618 1125 1655 onmia
1156 1619 1289 1663 alebat,
1322 1626 1360 1657 et

201 1686 311 1724 flores
342 1692 379 1724 et
408 1686 573 1724 arbores.
631 1685 756 1729 Luci,
789 1685 922 1721 Strabo
954 1685 1018 1722 ΙΧ.
1049 1699 1083 1735 p.
1116 1692 1208 1725 412.
1229 1687 1359 1738 inquit,

203 1767 368 1804 quaeque
406 1754 486 1791 loca
515 1766 621 1790 sacra
651 1766 672 1790 a
702 1752 821 1803 poe'tis
852 1752 1042 1798 dicuntur,
1081 1753 1223 1790 etiamsi
1251 1755 1360 1792 arbo-

202 1822 303 1858 ribus
345 1828 507 1859 careant.
576 1820 692 1857 Etiam
730 1832 828 1856 mare
866 1819 1066 1869 Aeschylus
1103 1819 1226 1859 Pers.
1266 1825 1357 1859 109.

203 1884 360 1926 πόντιον
398 1885 537 1934 ἄλσος,
575 1888 773 1925 sacrarium
805 1887 998 1931 marinum,
1043 1887 1143 1924 dicit.
1202 1888 1358 1925 Talibus

203 1970 225 1994 a
262 1956 405 2006 templis
443 1969 601 1993 summae
639 1955 916 2005 pulchritudinis
945 1960 981 1992 et
1011 1952 1223 2007 dignitatis,
1260 1955 1357 1992 omni

203 2025 424 2062 amoenitate
462 2030 614 2060 naturae
652 2022 895 2059 circumdatis.
942 2021 1037 2059 tristi
1077 2022 1199 2060 animo
1226 2022 1271 2058 ad
1303 2022 1356 2059 in-

202 2091 339 2129 formes
370 2091 472 2135 istas,
504 2090 574 2127 situ
607 2090 743 2140 plenaS,
776 2090 888 2126 moles
918 2089 1080 2139 lapideas
1105 2089 1355 2139 respiciamus,

203 2160 239 2197 in
279 2159 407 2210 quibus
446 2171 512 2195 nos
551 2157 645 2194 inter
682 2157 849 2207 sepulcra
885 2163 922 2194 et
956 2168 1082 2193 cruces
1114 2162 1150 2192 et
1180 2156 1356 2194 semiruta

205 2227 424 2265 monimenta
454 2226 556 2263 deum
588 2223 750 2262 caritatis
781 2225 883 2274 quasi
912 2223 1180 2260 contentiosum
1197 2224 1351 2274 aliquem

199 2296 380 2334 vindicem
417 2305 665 2344 apprecamur.
741 2292 892 2330 Veteres
927 2289 1068 2328 fabulas
1105 2291 1150 2328 de
1185 2304 1355 2329 nemore
