1515 2620
166 133 256 174 168
469 123 675 163 ECLOGA
704 123 780 170 ix,
814 124 993 162 17-25.

164 238 238 286 sis,
278 237 428 275 omnino
465 234 644 272 secunda.
702 233 785 270 Hoc
821 232 906 270 loco
937 232 1071 269 malum
1100 232 1140 269 in
1170 246 1216 271 ω
1246 232 1349 285 posi.

164 310 242 343 tum
272 307 375 348 erat,
413 301 512 351 quod
543 312 733 352 quercus
764 301 865 337 ilex
896 299 981 344 vll,
1025 303 1068 345 1,
1099 299 1212 336 arbor
1241 299 1349 338 ferti·

164 372 229 417 lis,
274 381 386 406 cava
423 373 523 414 erat3
569 369 734 405 cornia:
773 371 894 404 autem
927 368 1118 403 sinistra
1148 366 1282 403 malum
1311 367 1348 404 in

166 451 211 474 ea
241 435 460 473 crocitando
492 434 688 472 nuntiabat
719 438 874 471 tantum.
935 433 1070 470 Cicero
1103 434 1187 470 div.
1220 433 1255 479 l,
1297 438 1349 472 39

165 504 237 549 ait,
269 516 292 540 a
322 502 458 539 dextra
490 514 662 546 corvum,
695 514 716 537 a
747 500 901 537 sinistra
932 499 1120 537 cornicem
1151 500 1350 552 augurium

165 569 293 608 facere
330 574 461 606 ratum.
521 568 630 618 Apud
668 568 841 604 Plautum
881 579 1028 616 quoque
1057 565 1189 604 Asin.
1220 566 1272 613 n,
1314 572 1350 614 1,

166 642 217 676 12
257 635 362 688 picus
400 640 438 673 et
476 635 609 672 cornix
647 635 693 671 ad
726 634 934 679 sinistram,
975 646 1111 671 corvus
1141 639 1179 671 et
1203 645 1352 681 parra

165 716 255 742 aves
292 703 338 740 ad
378 703 547 739 dextram
579 701 801 739 admissivae
832 705 938 747 sunt;
980 705 1126 746 tamen,
1168 701 1267 751 quod
1298 700 1352 751 pi-

165 784 231 809 cus
269 772 435 808 ‘ulmum
466 769 606 815 tundit,
653 768 688 805 id
721 767 932 819 auspicanti
964 767 1155 818 portendit
1187 788 1239 794 —
1270 779 1354 806 ver-

167 838 270 875 bera.

281 905 460 943 17—25.
520 903 605 940 Non
645 902 727 939 sine
765 903 923 940 horrore
963 902 1122 952 quodam
1154 901 1267 939 animi
1298 901 1353 939 di-

165 984 244 1008 rum
274 969 421 1008 facinus
452 970 617 1020 Lycidas
648 969 770 1015 audit,
808 970 1038 1015 Menalcam,
1079 969 1232 1006 delicias
1263 982 1353 1006 suas

164 1037 263 1075 inter
294 1042 447 1088 poetas,
481 1037 516 1074 in
549 1037 650 1074 vitae
682 1036 879 1073 discrimen
912 1037 1075 1074 venisse.
1136 1035 1231 1076 Quis
1261 1041 1351 1083 tum,

165 1118 188 1142 ο
220 1105 406 1149 Menalca,
437 1104 636 1148 exclamat,
669 1103 805 1140 talibus
836 1102 983 1139 solatiis
1014 1102 1230 1148 carminum,
1261 1116 1352 1153 qua·

164 1171 210 1209 lis
240 1171 476 1209 consecratio
508 1175 573 1207 tua
605 1170 812 1220 Daphnidis
845 1169 977 1220 erepti,
1009 1169 1178 1206 miserias
1200 1176 1352 1209 nostras

165 1239 383 1276 consolatus
425 1237 496 1274 site
544 1237 626 1288 quis
665 1236 747 1274 aliis
787 1237 1012 1274 carminibus
1045 1236 1251 1288 pastoritiis
1282 1251 1352 1276 nos

165 1305 457 1344 exliilaraveritss
488 1327 542 1332 —
576 1304 719 1355 Lepide
751 1303 939 1342 inventum
972 1309 1049 1350 est,
1082 1317 1229 1342 carmen
1262 1305 1352 1343 illud

165 1372 306 1409 nomini
337 1373 572 1410 stlentclccoe
603 1371 639 1408 in
671 1376 751 1408 tota
781 1371 960 1424 regione,
1002 1371 1113 1409 ctiam
1145 1371 1244 1409 inter
1273 1385 1352 1410 ser-

164 1438 310 1478 vientes
336 1439 539 1490 agricolas,
570 1439 733 1489 gratiam
755 1439 991 1484 conciliasse,
1023 1444 1226 1489 totamque,
1257 1453 1353 1490 quae

165 1505 211 1543 de
241 1504 343 1541 Julio
375 1506 558 1550 Caesare,
591 1504 758 1542 benefico
792 1505 959 1549 numine,
991 1506 1194 1550 moerebat,
1226 1508 1354 1559 regio-

165 1585 247 1609 nem
278 1574 470 1608 solatmn
501 1585 597 1608 csse.
658 1572 697 1607 lu
730 1571 841 1607 Hafn.
869 1568 907 1610 C
934 1569 1043 1609 haec
1073 1578 1131 1609 est
1161 1587 1228 1623 pro
1252 1572 1352 1613 keu.

164 1638 274 1684 Loci,
304 1638 350 1675 ad
382 1651 475 1687 quos
506 1651 553 1674 ex
586 1637 714 1688 quinta
745 1637 881 1689 ecloga
913 1637 1076 1687 Lycidas
1107 1640 1272 1690 respicit,
1303 1655 1353 1680 ex

164 1705 246 1756 ipso
277 1704 460 1755 principio
492 1709 580 1741 sunt
611 1704 785 1742 carminis
816 1704 988 1756 lugubris
1020 1719 1055 1743 v.
1090 1710 1164 1744 20:

254 1780 470 1814 Exstinctum
496 1780 677 1824 Nymphae
701 1780 830 1813 crudeli
855 1780 975 1814 sunere
1000 1781 1159 1824 Daphnin

253 1837 420 1878 Flelnant3
448 1848 510 1871 vos
534 1836 664 1878 coruli,
692 1840 820 1879 testes,
847 1841 881 1869 et
905 1837 1064 1878 flumina,
1092 1838 1272 1882 Nymphis.

163 1907 213 1943 Et
244 1920 278 1945 v.
310 1911 384 1945 40:

254 1978 415 2020 Spargite
439 1976 576 2010 humum
604 1977 717 2018 soliis,
744 1977 896 2011 inducite
921 1978 1072 2012 fontibus
1099 1981 1248 2012 umbras.

166 2042 223 2078 Ex
257 2041 421 2078 carmine
453 2047 575 2078 alitem
607 2042 817 2086 commisso,
850 2056 922 2092 qno
955 2043 1076 2079 ‚lulius
1109 2044 1262 2087 Caesar,
1296 2042 1351 2079 in·

164 2114 222 2146 ter
252 2109 342 2146 deos
375 2109 482 2145 inodo
515 2109 668 2154 relatus,
700 2109 805 2159 quasi
837 2110 974 2161 genius
1004 2109 1152 2159 quidam
1179 2110 1236 2147 vel
1263 2115 1351 2160 post

164 2180 317 2213 mortem
349 2174 540 2213 beneficus
571 2177 765 2222 laudatur,
808 2177 876 2214 hac
907 2177 941 2213 in
975 2189 1097 2213 rerum
1129 2176 1229 2214 serie
1260 2176 1350 2214 nil-il

163 2247 274 2292 poeta
305 2243 440 2280 afferre
472 2248 638 2293 poterat,
671 2243 758 2293 quin
789 2243 1039 2295 suspicionem
1070 2244 1215 2282 subiret
1244 2256 1348 2282 acer·
