1515 2620
187 166 276 208 10ss
537 156 742 195 ncnocA
774 155 871 204 vm,
904 159 1027 196 1—-⁵.

297 271 432 316 Pollio,
464 269 546 307 dum
578 269 614 306 in
646 268 804 306 Venetia
834 266 957 305 fuerat
988 267 1096 305 annis
1126 265 1298 306 Dccxll
1331 276 1369 306 et

184 338 390 382 Dccxm,
423 336 666 373 imitationem
684 349 707 372 a
724 335 883 387 Virgilio
900 334 1367 373 Plnarmaceutriae'l'heo-

184 406 324 444 criteae
351 403 522 455 petierat.
592 403 777 440 Redeunti
799 403 924 453 itaque
944 403 988 438 ad
1009 403 1170 438 lauream
1197 401 1368 452 triumphi

185 472 268 510 duci
299 477 422 509 mente
453 476 575 521 poeta,
609 483 706 507 nunc
736 471 1011 521 gratulaturuS‚
1045 470 1216 520 eclogam
1250 481 1368 514 suam,

184 539 367 590 poeticam
399 538 505 588 quasi
536 538 694 588 aliquam
714 539 900 581 hederam,
933 537 1078 574 obviam
1095 536 1226 573 mittit:
1259 535 1369 587 igno-

183 620 291 651 rans,
323 619 371 643 an
411 605 447 642 in
487 619 552 642 ore
586 607 662 657 jam
700 605 850 643 'rimavi
883 604 1004 649 fluvii,
1046 618 1091 641 an
1125 604 1239 640 multo
1267 609 1368 640 retro

183 673 220 711 in
251 673 362 710 litore
393 673 542 723 lllyrico
574 673 718 709 animus
750 685 831 710 eum
863 679 1096 721 assequatur.

297 740 440 782 Quodsi
488 739 739 790 proficisceuti
782 740 827 776 ad
867 740 1144 790 expeditionem
1184 738 1368 788 illyricam

183 807 348 845 Pollioni
388 811 518 856 poema
559 808 628 843 linc
667 807 774 842 domo
816 806 978 843 misisset
1010 807 1214 857 Virgilius,
1260 818 1369 855 quam

183 875 307 928 egerit
339 874 591 924 imprudenter
610 874 792 911 Pollionis
823 874 868 911 de
901 874 1011 911 rebus
1041 874 1163 926 gestis
1193 880 1230 911 et
1261 873 1367 910 lauro

182 942 327 981 victrici
358 942 538 991 loquens!
586 942 732 991 quaerit
764 942 936 986 Ruaeus,
986 941 1153 991 proxime
1183 940 1369 991 superiori

182 1023 281 1047 anno
313 1022 421 1059 quum
454 1008 571 1058 ipsum
605 1011 806 1046 Caesarem
838 1009 1082 1046 octavianum
1116 1008 1251 1052 l'ollio,
1287 1007 1368 1044 Vir-

182 1076 266 1128 gilii
313 1089 411 1114 nunc
457 1076 661 1121 dominum,
711 1076 1025 1127 impugnavisset‚
1079 1082 1115 1112 et
1153 1076 1200 1112 ad
1239 1088 1368 1125 pacem

182 1143 444 1181 Brundisinam
476 1143 680 1195 coegisset.
742 1144 833 1179 Cum
865 1156 909 1178 eo
941 1142 1138 1187 exercitu,
1171 1149 1370 1193 praeterea

181 1211 245 1250 vix
286 1210 466 1248 credibile
503 1216 585 1255 est,
631 1209 693 1260 qui
734 1210 768 1247 in
810 1209 917 1247 ltalia
948 1209 1127 1247 inferiore
1159 1209 1290 1260 partim
1321 1209 1368 1247 ad

181 1278 372 1317 Orientem
411 1292 477 1329 per
515 1277 714 1315 Graeciam
753 1277 807 1314 ire
847 1277 1058 1314 destinatus
1088 1282 1189 1322 erat,
1229 1277 1369 1314 Pollio·

180 1358 264 1383 nem
305 1346 341 1383 in
382 1359 483 1383 oram
515 1346 729 1390 adversam,
781 1351 856 1383 tam
887 1358 1003 1396 prope
1034 1345 1248 1391 absentem,
1294 1350 1368 1382 tam

180 1417 308 1450 vastas
339 1413 385 1450 ad
405 1413 645 1450 Occidentem
676 1413 854 1464 ambages
887 1413 1053 1458 duxisse,
1085 1413 1142 1451 vel
1175 1413 1279 1458 mari,
1310 1425 1370 1450 se·

179 1480 341 1517 cundum
381 1480 541 1518 lutosam
581 1487 618 1518 et
658 1480 782 1517 nautis
821 1480 1057 1517 formidatam
1090 1493 1193 1517 oram
1224 1480 1368 1527 ltaliae,

182 1546 241 1585 vel
271 1551 396 1591 terra,
429 1560 495 1597 per
525 1554 642 1584 totam
675 1546 818 1584 ltaliam
851 1545 946 1584 fame
979 1560 1208 1598 oppressam.

297 1614 401 1651 Hanc
431 1625 578 1664 quoquc
611 1613 646 1650 in
679 1615 847 1665 eclogam
880 1613 1004 1664 plures
1035 1628 1166 1652 versus
1199 1629 1246 1652 ex
1278 1616 1368 1656 riri,

184 1682 283 1720 Galli
321 1687 510 1732 poemate,
560 1680 738 1732 Virgilius
779 1681 939 1732 recepit,
978 1681 1023 1718 ad
1056 1682 1249 1719 caritatem
1281 1683 1369 1720 Pol-

181 1749 292 1787 lionis
328 1761 472 1799 suoque
510 1748 628 1786 amico
662 1748 910 1798 probandam3
954 1748 1037 1787 vide
1069 1749 1136 1794 U,
1183 1755 1235 1788 74
1268 1757 1306 1788 et
1337 1752 1369 1789 ll

181 1816 218 1854 in
250 1816 463 1869 argumenti
496 1816 727 1854 narratione.

560 2097 996 2135 Anuotata.

300 2225 314 2255 ¹
342 2239 386 2245 —
410 2221 447 2256 5.
509 2216 629 2252 Po'e'ta
661 2215 796 2262 refert,
839 2215 982 2252 Damon
1015 2223 1051 2251 et
1083 2216 1368 2265 Alphesiboeus.

183 2286 356 2323 silvarum
373 2282 610 2324 vocalissimi,
643 2296 738 2334 quae
757 2282 921 2319 carmina
941 2283 1205 2320 commiserint.
1258 2285 1369 2321 Mauo
