1515 2620
484 175 690 214 ECLOGA
719 174 818 221 vlu,
849 177 1027 214 64—67.
1260 179 1345 219 151

155 284 374 324 Hafniensis
409 285 458 323 l)
497 285 668 323 mendum
698 285 809 323 habet
837 286 992 331 undis,
1039 288 1078 322 et
1109 284 1148 322 C
1170 281 1346 322 habebo.

155 352 304 390 Damon
335 356 531 403 postquam
561 351 767 396 cecinerat,
799 352 1029 389 Graecorum
1061 351 1098 388 in
1129 350 1232 389 silvis
1262 350 1346 387 tibi-

157 419 278 458 cinum
309 433 344 458 v.
377 424 426 458 21
460 417 765 456 consuetudinem
797 417 985 467 sequitur,
1016 422 1055 455 et
1084 417 1198 455 tibiae
1228 416 1346 453 modis

156 491 307 524 cautum
352 484 552 523 concludit.
611 484 723 520 Prius
766 484 933 521 Desine
970 497 1050 521 cum
1089 484 1346 522 Maenalios

158 552 423 604 conjungitur3
469 550 772 601 quemadmodum
819 554 965 598 incipe
1004 555 1137 595 antea,
1185 555 1223 587 et
1259 561 1346 586 mox

158 620 307 656 ducite
336 631 359 656 a
389 617 559 668 proxime
588 617 900 666 subsequentibus
931 617 1128 666 excipitur.

273 689 468 724 62—63.
525 683 705 721 Damonis
741 695 888 719 carmen
927 687 1059 732 poe'ta,
1105 682 1215 731 quale
1245 681 1280 717 id
1311 681 1349 717 iu

158 751 270 788 Pindi
307 751 476 789 convalle
506 750 611 800 quasi
641 749 939 793 auscultaverat,
981 761 1049 785 sua
1078 752 1214 798 sponte
1243 759 1350 796 repe·

160 817 232 864 tiit,
264 830 414 855 carmen
444 822 567 854 autem
598 816 644 854 ab
675 815 925 866 Alphesiboeo
957 814 1191 851 commissum
1219 817 1262 849 ut
1291 825 1351 850 as-

159 888 360 933 sequatur,
394 884 542 921 numine
560 883 595 921 ei
613 882 829 932 adspirante
848 894 941 931 opus
960 886 1017 917 est
1036 881 1112 926 vll,
1135 885 1199 925 19,
1219 885 1257 917 et
1273 879 1352 929 qui·

160 950 243 986 dem
273 948 392 986 Musis
423 962 498 985 non
528 948 747 999 vulgaribus
779 960 970 998 agrorum,
1002 948 1067 984 sed
1097 946 1354 985 Pierizlibus

163 1015 349 1054 Graeciae
387 1015 565 1065 antiquae
605 1015 672 1059 VI,
716 1018 779 1050 13.
840 1014 950 1054 Quod
981 1020 1157 1063 quantum
1188 1012 1357 1050 Pollioni

161 1082 367 1120 blanditum
406 1082 474 1128 sit,
513 1081 575 1131 qui
613 1080 941 1117 pharmaceutriae
978 1085 1237 1131 argumentum
1269 1093 1353 1130 pro-

162 1152 343 1200 posuerat
371 1161 407 1186 v.
441 1149 510 1186 11!
564 1147 666 1184 Satis
703 1146 803 1183 clare
841 1146 1090 1195 Alplnesiboeo
1130 1147 1199 1183 bac
1229 1159 1270 1183 re
1301 1145 1355 1183 vi-

163 1215 287 1253 ctoria
317 1214 550 1259 decernitur3
581 1219 623 1250 ut
654 1213 851 1250 curiosiori
883 1213 1020 1249 iudicio
1052 1225 1163 1262 parce
1194 1213 1355 1248 interso—

162 1294 259 1319 uans
289 1280 326 1321 in
357 1280 432 1318 sine
462 1285 575 1330 poeta
605 1292 645 1316 se
675 1279 905 1324 subducere,
951 1284 1142 1328 totumque
1173 1283 1304 1328 poema
1333 1290 1357 1315 a

165 1347 362 1399 principali
393 1346 549 1397 negotio
579 1344 990 1383 lermaceutriam
1014 1345 1201 1395 appellare
1223 1350 1357 1394 potue-

164 1414 227 1451 rit.
288 1413 552 1458 l'roverbium‚
599 1413 696 1449 Ama
743 1415 886 1449 omnia
926 1423 1160 1457 possumus
1199 1422 1354 1454 omenes,

166 1480 248 1532 ipse
277 1480 492 1517 Macrobius
522 1481 618 1515 Sub.
654 1480 721 1522 w,
764 1484 782 1514 1
818 1478 914 1527 apud
947 1478 1150 1521 Lucilium,
1196 1476 1357 1513 vocabu-

165 1547 212 1584 lis
256 1546 366 1596 paulo
406 1545 489 1582 aliis
527 1545 623 1595 apud
663 1546 830 1581 Graecos
868 1545 1046 1580 Erasmus
1077 1542 1358 1587 animadvertit3

168 1626 281 1664 supra
311 1625 458 1663 quoque
489 1612 568 1656 vll,
603 1616 666 1656 23,
698 1611 796 1659 quod
828 1610 863 1645 in
896 1609 1102 1659 proverbiis
1134 1608 1215 1645 fieri
1247 1608 1356 1652 solet,

168 1680 298 1731 paucis
328 1680 554 1715 immutatum
585 1677 840 1714 adhibebatur.

285 1750 462 1785 64—67.
523 1744 711 1780 Thessala
750 1742 827 1779 filia
857 1742 997 1778 rustica
1028 1742 1170 1777 artibus
1201 1740 1358 1791 ruagicis

170 1812 351 1865 perfidum
396 1816 599 1848 amatorem
647 1823 752 1845 suum
790 1809 892 1858 cupit
928 1808 1130 1844 retrabere.
1192 1809 1231 1844 ln
1273 1808 1358 1844 aula

171 1884 326 1930 propter
364 1891 465 1915 aram
503 1883 608 1913 stans
645 1876 870 1924 Attraryllida
909 1875 1045 1911 socium
1089 1874 1270 1924 appellat,
1320 1878 1360 1910 ut

172 1945 387 1984 necessaria
417 1945 463 1981 ad
494 1956 603 1980 sacra
634 1942 779 1992 irrugit-a
810 1956 830 1978 e
861 1943 967 1977 ‹lomo
1000 1940 1144 1977 ell'orat.
1164 1962 1215 1967 ——-
1235 1940 1359 1975 'Fines-

172 2013 288 2051 salam
320 2025 399 2048 cam
432 2024 515 2047 csse
545 2022 791 2059 ailguramur:
825 2008 997 2057 quomam
1030 2012 1163 2055 poetae
1195 2005 1361 2041 ‹muniuit-

176 2084 299 2117 tentes
336 2079 382 2115 de
412 2077 615 2113 donnes-tica
646 2075 724 2112 fere
751 2075 979 2125 potissimum
1012 2074 1137 2122 :nagia
1167 2073 1360 2122 cogitave-

150 2136 275 2192 'riut‚
320 2149 378 2190 et,
421 2145 453 2180 si
484 2156 592 2180 secus
624 2147 743 2186 esset,
783 2143 903 2191 patria
935 2139 1137 2182 declarari,
1170 2143 1207 2174 et
1237 2138 1361 2173 Thes-

176 2212 314 2256 saliae,
358 2210 507 2262 magiae
545 2209 708 2259 peritae,
751 2221 785 2245 v.
824 2213 873 2244 71
916 2211 952 2242 et
984 2209 1035 2242 95
1067 2203 1188 2239 obiter
1217 2203 1362 2252 quidem

174 2278 314 2317 mentio
344 2276 427 2314 fieri
457 2277 639 2314 debuerit.
699 2272 888 2324 Magicum
927 2273 1068 2322 ipsum,
1112 2269 1211 2318 quod
1242 2269 1363 2306 Pollio

1120 2331 1145 2363 9
1177 2327 1195 2346 0
