1472 2620
175 171 238 213 80
493 164 694 202 ecmGA
724 163 803 210 vu,
835 165 887 202 25
903 184 955 191 —-
971 169 1035 202 28.

174 278 316 317 Pium
345 292 379 316 v.
411 281 462 315 65
494 276 656 326 Cybelae
686 288 758 312 non
790 274 909 326 magis
939 280 1021 313 erat
1048 287 1197 321 sacra,
1237 288 1344 326 quam

174 346 291 384 Pani
321 345 433 394 Prop.
467 344 500 388 Ι,
535 349 604 389 18,
637 348 701 388 20,
732 342 812 393 qui,
843 343 939 392 quod
969 342 1173 392 Geoponici
1198 342 1264 388 xl,
1295 349 1344 381 10

175 412 405 456 fabulantur,
447 410 583 461 Pitya
614 410 832 461 Nympliam,
871 409 1079 461 priusquam
1110 408 1216 460 pinus
1246 408 1346 447 sacta

175 484 274 525 erat,
306 478 464 524 amabat,
496 491 612 528 eaque
642 478 687 515 de
717 491 828 514 causa
859 490 1032 514 coronam
1064 476 1206 527 pineam
1237 489 1345 527 gere-

176 547 238 584 bat
268 546 335 583 Sil.
366 546 473 592 Xlll,
506 552 599 585 331.
657 546 763 596 Apud
803 545 975 596 Longum
1013 544 1042 580 ll
1075 558 1110 595 p.
1141 548 1193 582 79
1232 543 1346 581 Panis

173 614 405 652 simulacrum
445 614 511 650 sub
542 613 628 664 pinu
664 613 821 664 positum
855 618 931 657 est,
977 611 1035 649 cui
1067 613 1214 648 mactati
1245 610 1345 662 capri

173 682 279 733 pellis
309 681 495 733 affigitur,
528 687 564 718 et
594 680 775 732 primitiae
806 693 955 717 uvarum
986 684 1251 723 annectuntur3
1296 678 1345 716 ibi

173 750 340 800 Daphnis
378 762 523 799 quoque
559 749 741 786 decedens
773 748 819 785 lv
852 762 886 798 p.
922 751 998 785 175
1036 746 1192 784 fistulam
1230 752 1266 783 et
1302 745 1346 782 ti-

174 817 268 855 biam
301 817 394 854 Pani
425 822 632 853 consecrat.
693 816 829 852 Faunis
859 820 936 853 sive
967 814 1149 860 Panibus,
1180 813 1347 850 omnibus

178 884 346 929 omnino,
378 884 473 934 apud
492 883 699 920 Martialem
730 883 779 928 Χ,
811 888 861 921 92
895 882 1000 933 pinus
1031 888 1068 919 et
1092 882 1195 919 ilices
1217 893 1347 918 sacrae

175 957 280 996 sunt3
311 951 378 988 sub
411 951 493 988 ilice
524 951 603 987 Pan
634 952 729 1001 apud
753 950 942 987 Tibullum
975 950 1019 994 il,
1052 953 1088 993 5,
1122 954 1173 987 27
1205 949 1347 999 positus

175 1025 251 1066 est3
281 1019 539 1068 Arcadesque,
570 1020 666 1068 quod
695 1018 902 1055 Pausanias
933 1016 1102 1061 tradidit,
1145 1029 1347 1066 quercum

174 1087 209 1124 ei
240 1086 338 1124 circa
355 1087 527 1138 Tegeam
553 1091 876 1123 consecraverant.
937 1085 1062 1126 Quare
1086 1083 1246 1133 ineptum
1269 1082 1347 1133 qui-

176 1154 255 1191 dem
281 1168 353 1190 non
379 1154 427 1190 sit
456 1166 638 1204 quercu,
671 1153 768 1202 quod
800 1151 957 1203 legitur,
989 1151 1023 1187 id
1055 1150 1086 1186 si
1117 1150 1152 1186 in
1184 1150 1348 1200 pluribus

174 1221 278 1260 libris
308 1221 456 1271 scriptis
487 1221 726 1271 reperiretur.
794 1220 910 1256 Pinus
940 1231 1085 1268 quoque
1121 1217 1240 1255 sativa
1269 1217 1348 1255 sive

175 1289 282 1340 pinus
311 1289 472 1334 Pinea,
504 1288 692 1326 Palladius
723 1287 841 1337 inquit
870 1286 953 1331 ΧΙΙ,
986 1292 1022 1331 7,
1054 1290 1091 1331 9,
1123 1285 1218 1322 inter
1249 1298 1349 1321 mon-

176 1362 233 1394 tes
265 1362 302 1394 et
331 1370 424 1394 saxa
454 1355 596 1395 vastior
617 1361 653 1391 ct
674 1355 863 1405 procerior
888 1354 1086 1392 invenitur.
1144 1353 1350 1391 Fistulae

176 1424 273 1461 modi
311 1425 364 1469 ll,
410 1430 462 1464 36
504 1423 662 1474 singulis
699 1422 933 1460 cantionibus
979 1420 1174 1472 praeibant
1212 1420 1259 1466 V,
1311 1426 1347 1458 3.

175 1491 278 1536 vlu,
312 1495 377 1528 21.

290 1563 340 1597 25
379 1579 432 1585 ——
470 1562 534 1595 28.
602 1556 836 1607 Arroganler
873 1554 1058 1591 ferociens
1094 1553 1254 1602 Thyrsis
1292 1567 1347 1591 re-

177 1626 347 1677 spondet.
419 1625 498 1661 Deo
540 1624 703 1673 quamvis
749 1623 793 1659 ab
833 1622 930 1658 nullo
974 1623 1139 1672 adjutus,
1193 1621 1227 1657 in
1268 1621 1347 1671 ipso

177 1693 332 1732 exordio
376 1705 550 1730 coronam
595 1690 832 1727 licdcraceam
871 1689 1032 1739 expelit;
1086 1701 1152 1725 nec
1190 1688 1349 1733 dubium,

178 1762 264 1812 quin
305 1761 451 1798 Codrus
491 1759 570 1809 ipse
615 1757 752 1794 invidia
796 1763 1004 1806 rumpatur,
1060 1760 1123 1791 aut
1168 1755 1351 1792 malitiosa

178 1829 286 1867 laude
317 1842 396 1865 eum
429 1826 614 1864 fascinare
644 1825 749 1862 velit:
790 1838 811 1861 a
842 1837 912 1874 quo
945 1823 1038 1859 malo
1069 1830 1190 1859 tamen
1223 1829 1352 1872 pasto-

179 1910 240 1934 res
270 1895 439 1933 Arcadici
472 1894 678 1945 lndigetem
710 1905 812 1928 suum
845 1890 1056 1928 defendent.
1106 1912 1138 1917 -—
1172 1890 1351 1927 pastores

179 1976 320 2017 genere
345 1962 566 2000 Arcadico
597 1975 630 1999 v.
663 1964 699 2004 4,
731 1966 861 1997 cantus
892 1972 938 1996 ex
971 1957 1175 1994 hominibus
1205 1956 1351 2008 agrico-

180 2032 226 2069 lis
249 2030 481 2082 peritissimi,
511 2027 737 2073 hederam,
772 2027 951 2077 praemia,
984 2026 1079 2076 quod
1099 2024 1273 2061 Horatius
1299 2023 1351 2060 di-

181 2099 244 2145 cit,
275 2099 464 2135 doctarum
490 2096 679 2140 frontium,
714 2095 929 2132 llaccinicum
957 2093 1063 2130 istum
1089 2094 1260 2128 honorem
1291 2091 1351 2135 m,

183 2171 249 2206 39.
282 2166 340 2210 ll',
378 2170 444 2210 19,
485 2164 543 2214 qui
578 2163 610 2200 in
643 2170 748 2201 vates
780 2169 917 2199 [aulum
950 2159 1205 2197 altissimorum
1245 2158 1351 2209 spiri-

183 2240 283 2272 tuum
313 2233 428 2278 cadit,
479 2234 708 2279 incipienti
744 2235 899 2278 poe'lae
936 2241 1007 2264 non
1047 2233 1186 2264 tamtum
1225 2226 1351 2263 decer-

184 2314 292 2347 nere,
338 2300 403 2338 sed
435 2300 503 2350 ipsi
533 2299 669 2336 circuni
701 2304 865 2348 tempora
895 2295 1013 2346 ligare
1038 2294 1234 2345 jubentur!
1289 2292 1353 2329 Sic
