1472 2620
436 168 643 207 EcLOGA
673 166 752 213 vn,
785 172 888 207 37—
898 171 966 205 40.
1236 173 1298 214 85

153 278 256 312 Hunc
280 277 367 320 fugit
393 278 557 320 Galatea;
583 278 645 312 tibi
669 278 730 311 sed
754 278 796 310 ab
822 288 971 321 aequore
995 276 1130 320 risit0).

154 334 257 367 Nunc
281 334 415 368 deserta
441 335 558 376 sedet,
595 335 716 367 fluctus
742 333 866 375 oblita,
894 333 927 366 in
954 343 1072 374 arena,

155 390 303 424 Pascere
328 391 401 424 sola
426 391 530 424 boves
555 392 657 424 orbas
682 390 836 431 gaudens
861 390 903 422 ab
929 389 1051 423 :imino-

111 460 220 510 Apud
249 459 360 497 alium
390 464 558 511 poetam,
606 472 713 509 quem
743 458 931 495 Himerius
963 473 1024 496 or.
1058 459 1093 504 Ι,
1139 462 1186 496 19
1218 458 1293 497 lau·

111 527 187 573 dat,
220 532 349 577 pastor
379 528 425 565 ad
457 528 651 565 Galateam
682 539 811 563 amans
841 525 963 563 canit:
1003 525 1036 563 θ
1066 527 1297 564 candorem

111 602 155 632 et
183 596 284 632 lac!
316 594 368 632 ita
393 595 564 632 alludens
590 594 636 631 ad
663 594 743 644 ejus
761 606 906 629 nomen.
967 593 1145 638 Nerine,
1178 595 1296 632 Grae-

111 674 213 707 cum,
251 662 363 699 Nerei
400 662 490 700 filia.
548 661 722 713 Hybla,
768 660 956 710 antiquum
997 660 1099 696 urbis
1131 660 1296 706 Siciliae,

112 727 297 781 Megarae
340 743 362 767 a
392 729 638 767 Doriensibus
670 727 823 766 advenis
855 727 987 772 dictae,
1020 740 1167 771 nomen,
1199 728 1297 776 quod

111 794 210 834 sama
240 797 460 834 servabatur
490 796 646 847 Hyblaei
673 809 721 833 ex
747 796 870 844 thymo
888 796 1044 832 mellis.
1106 794 1157 831 lbi
1179 795 1298 831 Grae-

112 876 192 901 cum
230 861 422 914 thymum
460 864 510 909 V,
555 869 608 902 77
645 863 723 901 sive
760 863 977 909 Satureja
1006 865 1210 911 capitata
1239 861 1295 900 L.

111 930 218 969 suavi
263 929 457 982 regionem
505 930 683 979 implebat
725 930 862 974 odore,
909 943 1014 980 quem
1053 929 1163 966 etiam
1202 942 1299 966 nuuc

114 998 285 1036 dulcem
325 1001 469 1043 aerem,
518 999 623 1034 aria
663 999 806 1042 dolce,
856 996 972 1033 ltalus
1010 1003 1134 1035 vocat.
1195 997 1299 1034 Deae

114 1065 301 1110 marinae,
353 1070 395 1102 ut
436 1078 532 1115 quae
578 1064 719 1102 solibus
758 1064 878 1101 minus
918 1068 1045 1101 essent
1087 1063 1298 1113 expositae,

113 1145 204 1185 prae
234 1132 395 1171 caeteris
425 1134 644 1170 candidae
674 1130 1005 1175 existiimibantur3
1036 1131 1114 1175 sed,
1147 1135 1300 1181 propter

113 1200 312 1239 coeruleos
349 1200 480 1238 oculos
518 1205 556 1237 et
587 1205 734 1246 vestes,
781 1204 913 1249 postea
943 1211 1090 1248 quoque
1120 1198 1167 1235 ob
1199 1198 1300 1235 colo·

114 1280 191 1305 rem
231 1266 410 1304 marinum
449 1272 488 1304 et
524 1268 648 1319 algam
688 1266 832 1317 capillis
863 1266 1143 1311 inhaerentem,
1187 1277 1301 1315 saepe

115 1335 314 1374 coeruleae
344 1338 410 1372 aut
440 1333 577 1372 virides
609 1334 842 1378 nominatae,
875 1338 1099 1384 postremum
1130 1346 1152 1370 a
1183 1333 1301 1382 pieto-

116 1403 220 1440 ribus
258 1407 297 1439 et
334 1401 476 1452 poetis,
523 1400 691 1452 fingendi
731 1400 872 1445 nimiis,
920 1400 955 1436 in
995 1405 1077 1437 cete
1115 1399 1302 1444 coerulea,

116 1468 261 1520 capillis
294 1468 490 1513 viridibus,
522 1467 753 1505 deformatae
783 1472 870 1504 sunt
902 1468 969 1517 Ep.
1001 1466 1117 1516 Myih.
1150 1466 1201 1511 ΙΙ,
1236 1470 1301 1506 25.

115 1537 174 1575 De
215 1534 313 1573 festa
348 1533 540 1574 hederae
577 1549 637 1573 etz·
673 1535 810 1573 viridi
845 1536 1064 1583 palleatis
1101 1533 1303 1584 pulchritu-

116 1604 202 1642 dine
241 1618 277 1643 ν.
317 1604 389 1649 ΙΙΙ,
436 1608 501 1643 39.
562 1604 638 1640 Per
667 1608 848 1639 aestatem
882 1602 994 1638 boves
1027 1601 1061 1637 in
1094 1600 1211 1650 septis
1241 1599 1304 1637 sil-

116 1671 317 1719 vestribus,
350 1676 478 1722 pastor
508 1676 630 1708 autem
663 1670 698 1706 in
731 1682 818 1706 casa
850 1669 895 1705 ad
928 1668 1190 1705 necessitatem
1216 1681 1306 1704 con·

118 1744 262 1778 structa
300 1744 366 1777 aut
396 1739 432 1775 in
465 1744 574 1775 antro
605 1751 652 1774 ex
686 1750 776 1787 rupe
807 1741 941 1773 cavato
973 1734 1245 1786 pernoctabant
1277 1734 1305 1778 Ι,

119 1811 193 1845 79:
253 1820 325 1856 quo
370 1806 406 1842 in
453 1806 547 1842 lianc
594 1810 738 1840 noctem
785 1804 961 1852 Corydon
1011 1802 1190 1852 nymphae
1235 1800 1306 1838 sibi

119 1873 279 1913 arnzmtis
309 1873 525 1909 societatem
558 1876 729 1921 exoptat.
790 1870 1015 1907 Hasnienses
1046 1869 1102 1906 B.
1124 1869 1162 1906 C
1182 1881 1306 1918 repe·

119 1949 219 1980 tunt
264 1940 414 1977 habent.
491 1938 645 1975 Annator
692 1938 878 1982 modeste,
933 1935 1163 1974 suavissimis
1216 1948 1307 1972 usus

119 2008 368 2060 imaginibus,
409 2006 618 2051 blanditur,
657 2018 775 2055 quae,
806 2018 900 2041 sono
932 2004 1124 2054 modisque
1155 2003 1307 2040 coriciu-

122 2089 213 2122 uae,
261 2075 297 2112 in
346 2074 481 2112 leniter
521 2072 658 2110 cudens
697 2070 834 2110 velasio
872 2076 1026 2108 exeunt.
1087 2069 1307 2121 Hujusmodi

121 2143 337 2196 elegantiae
375 2155 450 2178 non
490 2145 562 2178 tam
596 2145 753 2190 possunt
786 2137 1004 2184 transferri,
1043 2151 1151 2188 quam
1181 2136 1307 2176 simili-
