1472 2620
173 133 230 172 28
496 128 696 166 ECLOGA
726 127 787 166 vr.
824 133 874 167 ιιι
887 134 1012 168 —42

171 253 239 291 pro
269 244 455 289 ignotos,
485 239 703 290 exquisitius
733 240 877 285 dictum,
909 240 1005 290 quod
1034 240 1071 277 in
1100 242 1243 294 virgilii
1273 250 1330 281 est

171 308 265 345 Aen.
304 307 360 352 X,
406 311 506 352 706,
545 306 716 343 Heinsius
753 307 789 344 in
827 307 919 345 libro
958 307 1112 358 quodam
1148 309 1327 358 Medica),

171 374 336 425 quamvis
367 386 438 410 non
470 373 627 424 optimo,
666 380 703 412 et
733 375 768 412 in
800 375 976 412 Vaticano
1007 375 1156 426 reperit.

282 444 475 480 41—42.
535 441 708 493 Origines
746 456 864 480 rerum
902 443 1133 479 humanarum
1164 456 1210 480 ex
1242 443 1327 494 Epi-

169 508 247 546 curi
292 508 434 557 quidem
474 508 664 559 disciplina
701 510 849 547 Silenus
887 523 1019 547 canere
1058 523 1128 547 non
1168 516 1325 561 poterat,

169 575 338 626 quoniam
370 577 465 612 bunc
497 576 609 626 ipsum
641 577 819 627 Epicurus
851 591 928 614 cum
953 577 1116 614 omnibus
1138 578 1207 614 diis
1231 591 1326 614 som·

166 644 230 680 nia
259 656 340 681 esse
371 643 556 681 censebat.
616 645 776 682 Fabulae
806 645 849 682 de
869 645 1103 682 Deucalionis
1131 645 1323 696 lapidibus,

168 711 320 748 Saturni
357 724 476 762 regno
514 718 549 748 et
587 711 685 749 furto
724 712 950 757 Promethei,
996 719 1036 749 ut
1065 719 1207 750 etcum
1238 719 1323 750 ante

167 779 274 816 dictis
311 778 433 815 mundi
471 778 585 815 initiis
617 785 652 815 et
682 779 778 816 inter
807 792 846 816 se
876 787 960 830 apte
990 781 1230 826 cohaereant,
1276 793 1323 817 ex

165 847 275 884 rebus
312 846 413 884 varie
453 851 490 882 et
528 846 672 883 traditis
710 852 746 884 et
783 847 977 884 intellectis
1013 848 1070 885 hic
1100 848 1190 885 ordo
1221 847 1324 900 cogi-

165 915 298 951 tandus
336 913 396 950 sit.
455 913 578 950 Primo
616 914 696 951 loco
728 927 856 951 recens
886 915 998 952 creati
1028 915 1201 960 Krmm,
1232 915 1322 960 sive,

166 995 270 1032 quem
308 980 463 1017 Romani
500 981 687 1026 dicebant,
731 983 924 1020 Salvruo
955 996 1045 1034 rege
1076 983 1230 1020 Titanio
1259 995 1322 1019 au-

162 1062 264 1086 reum
294 1048 476 1085 saeculum
506 1049 738 1086 innocentiae
769 1050 962 1101 degerunt,
993 1063 1135 1100 semper
1152 1051 1321 1100 juvenes,

162 1116 263 1153 nullo
299 1115 426 1153 labore
457 1122 494 1152 et
524 1117 668 1161 morbo,
707 1117 927 1167 sempiterno
958 1130 1044 1154 vere
1074 1123 1111 1153 et
1140 1116 1321 1153 fructuum

162 1197 230 1221 sua
268 1188 399 1234 sponte
437 1185 661 1221 nascentium
700 1184 942 1230 abundantia,
986 1185 1100 1221 donec
1131 1191 1212 1234 post
1243 1185 1321 1221 lon-

161 1265 247 1303 gam
277 1251 489 1288 felicitatem
520 1251 622 1301 quasi
653 1252 761 1302 sopiti
791 1252 972 1289 obierunt.
1029 1252 1205 1289 Proximo
1226 1253 1320 1297 loco,

161 1314 263 1364 Ζεῦς
280 1319 357 1356 sive
375 1319 521 1369 Jupiter
549 1332 654 1369 quum
673 1325 860 1371 regnaret,
891 1332 985 1370 gens
1015 1325 1096 1357 erat
1125 1325 1317 1371 argentea,

155 1388 217 1439 jus
259 1391 341 1437 post
379 1392 521 1423 centum
559 1400 733 1423 annorum
766 1386 974 1437 pueritiam,
1013 1400 1097 1423 raro
1127 1400 1149 1424 a
1172 1386 1318 1438 justitia

161 1453 333 1492 conventi
366 1454 521 1504 juvenes
558 1467 759 1490 moerorem
797 1454 864 1490 sibi
903 1461 940 1491 et
970 1454 1191 1491 immaturam
1223 1466 1317 1490 mor·

159 1527 232 1559 tem
262 1522 418 1558 stultitia
447 1534 514 1558 sua
544 1521 732 1572 parabant,
763 1522 844 1558 dum
876 1522 1056 1559 nocebant
1081 1522 1174 1558 alter
1197 1520 1316 1566 alteri,

160 1595 197 1627 et
235 1589 303 1625 diis
343 1589 502 1626 honores
542 1595 578 1625 et
614 1602 719 1625 sacra
757 1590 988 1626 recusabant.
1046 1589 1150 1626 Nunc
1182 1588 1316 1625 factum

159 1663 234 1702 est,
264 1662 305 1694 ut
335 1656 495 1706 Jupiter,
528 1654 701 1692 efferatos
731 1668 836 1706 quum
868 1656 976 1694 vellet
1007 1656 1226 1693 necessitate
1256 1668 1316 1692 so·

156 1725 271 1762 Iertes
311 1730 347 1760 et
377 1724 550 1760 honestos
580 1723 751 1768 reddere,
792 1724 990 1760 Saturniae
1028 1722 1214 1760 felicitatis
1253 1736 1315 1761 ve·

157 1792 270 1844 stigia
315 1805 336 1828 a
374 1796 472 1827 terra
508 1791 646 1828 deleret
675 1791 870 1843 ignemque
907 1791 1147 1828 absconderet
1184 1791 1253 1827 Lb.
1286 1791 1314 1836 l,

158 1865 249 1898 131.
308 1859 382 1895 Sed
421 1858 569 1894 Titanis
607 1859 728 1909 .lapeti
765 1858 861 1896 filius
897 1856 1174 1896 Prometheus
1213 1856 1314 1908 (pru-

157 1928 287 1965 denter
324 1925 591 1977 prospiciens),
630 1926 708 1975 qui,
748 1940 818 1964 una
849 1939 927 1963 cum
956 1926 1070 1964 fratre
1100 1926 1311 1976 Epimetheo

158 1993 262 2041 (sero
299 1994 503 2044 sapienter),
543 1993 706 2030 homines
746 2007 765 2031 e
804 2000 902 2031 terra
939 1999 1147 2031 crescentes
1174 1993 1311 2030 viribus

158 2063 379 2106 donaverat,
411 2061 533 2111 inepta
565 2060 810 2099 misericordia
841 2068 1041 2113 correptuS,
1071 2060 1217 2111 sapiens
1247 2060 1311 2096 Jo-

157 2130 212 2170 vis
242 2129 430 2168 consilium
460 2127 599 2165 irritum
632 2129 804 2175 reddidit3
847 2130 928 2167 dum
958 2129 992 2166 in
1023 2127 1183 2180 fungosa
1213 2127 1310 2165 feru-

156 2200 216 2237 lae
245 2196 412 2242 medulla,
445 2192 598 2247 νάρθηξ
626 2196 674 2242 Χ,
707 2201 768 2236 25.
800 2198 933 2250 ignem,
962 2209 1106 2247 unaque
1128 2209 1207 2233 cum
1229 2195 1307 2248 igni

157 2266 247 2306 artis
285 2265 496 2309 scientiam,
534 2270 596 2301 aut
625 2277 645 2302 e
676 2265 826 2303 Vulcani
857 2271 965 2316 atque
994 2265 1182 2303 Minervae
1210 2277 1307 2302 com-
