1451 2603
491 181 690 220 ennom
720 181 906 219 SEXTA.
1259 189 1286 225 5

113 293 226 335 Hinc
255 292 425 347 lapides
454 291 650 343 Pyrrhae
680 291 834 344 iactos,
868 288 1075 332 Saturnia
1105 304 1258 344 regna,

114 359 442 415 Caucasiasque
471 357 609 400 refert
636 357 857 412 volucres,
904 357 1151 413 furtumque
1182 357 1287 399 Pro-

645 426 818 467 methei.

113 494 194 536 His
220 494 427 548 adjungit,
459 491 600 544 Hylan
631 497 790 533 nautae
822 506 902 545 quo
936 493 1055 534 fonte
1085 492 1284 534 relictum

115 561 416 614 Clamassent,
447 566 492 601 ut
516 559 615 600 litus
636 558 772 612 Hyla,
805 558 920 609 Hyla
943 573 1069 600 omne
1097 565 1287 601 sonaret.

112 627 171 669 Et
201 627 478 680 fortunatam,
509 626 544 668 si
575 640 803 681 numquam
837 631 1034 666 armenta
1060 624 1261 680 fuissent,
1294 628 1344 663 45

111 693 362 750 Pasiphaen
394 695 505 736 nivei
537 694 700 735 solatur
730 707 877 734 amore
901 693 1090 745 juventi.

113 762 207 816 Ah,
241 761 357 817 virgo
390 761 560 814 infelix,
597 774 708 816 quae
738 766 782 801 te
814 760 1033 801 dementia
1065 758 1198 815 cepit!

114 828 344 871 Proetides
374 829 604 884 implerunt
633 827 756 868 falsis
789 826 1020 881 mugitibus
1051 842 1205 882 agros:

115 895 175 938 At
210 910 295 937 non
335 902 422 937 tam
462 902 611 950 turpes
651 895 864 950 pecudum
910 901 1056 936 tamen
1095 894 1185 936 ulla
1225 910 1289 937 se-

646 968 748 1003 cuta
779 967 846 1003 est

116 1027 402 1077 Concubitus,
442 1029 631 1086 quamvis
663 1028 774 1070 collo
807 1028 1022 1070 timuisset
1053 1035 1261 1083 aratrum,
1292 1039 1346 1074 50

114 1096 171 1139 Et
202 1111 337 1152 saepe
368 1096 409 1138 in
440 1095 523 1138 levi
555 1096 800 1152 quaesisset
830 1110 991 1137 cornua
1022 1095 1176 1138 fronte.

115 1163 207 1218 Ah,
246 1163 366 1219 virgo
398 1163 571 1217 infelix,
610 1169 654 1205 tu
685 1177 797 1204 nunc
826 1162 869 1203 in
899 1162 1113 1204 montibus
1149 1177 1290 1204 erras:

113 1230 219 1285 Ille,
249 1231 363 1273 latus
393 1232 561 1273 niveum
595 1231 711 1271 molli
741 1230 874 1271 fultus
904 1230 1150 1283 hyacintho,

114 1297 224 1340 lllce
256 1300 334 1339 sul)
365 1299 491 1352 nigra
521 1298 736 1352 pallentes
766 1297 953 1339 ruminat
983 1297 1170 1349 herbas3

116 1364 206 1407 Aut
235 1365 422 1420 aliquam
453 1364 492 1405 in
525 1378 684 1418 magno
717 1365 907 1419 sequitur
944 1378 1096 1418 grege.
1162 1364 1341 1411 Clau-55

650 1430 758 1484 dite,
790 1430 1033 1485 Nymphae,

117 1497 334 1542 Dictaeae
382 1498 631 1553 Nymphae,
686 1512 909 1539 nemorum
958 1499 1051 1550 jam
1100 1496 1288 1541 claudite

651 1565 806 1607 saltus:

120 1632 169 1675 Si
200 1646 283 1688 qua
312 1632 425 1675 forte
456 1633 600 1675 ferant
631 1634 767 1675 oeulis
798 1645 897 1673 sese
929 1631 1054 1673 obvia
1084 1634 1243 1675 nostris

116 1699 374 1742 Errabunda
404 1700 523 1742 bovis
553 1700 754 1755 vestigia!
788 1699 969 1742 forsitan
1000 1699 1135 1753 illum,

118 1767 206 1809 Aut
228 1767 364 1810 herba
389 1774 561 1822 captum
586 1769 721 1820 viridi,
753 1774 825 1809 aut
851 1773 1048 1808 armenta
1070 1772 1283 1822 secutum,

118 1834 368 1877 Perducant
399 1835 568 1889 aliquae
601 1835 771 1876 stabula
793 1836 846 1876 ad
866 1834 1075 1885 Gortynia
1096 1832 1337 1881 vaccaelfio

119 1901 234 1943 Tum
262 1902 377 1942 canit
401 1901 688 1954 Hesperidum
718 1902 912 1942 miratam
941 1901 1056 1941 mala
1079 1901 1282 1955 puellam.

119 1968 235 2010 Tum
268 1968 606 2009 l'haetoutiadas
637 1982 782 2008 musco
815 1968 1052 2010 circumdat
1083 1982 1258 2010 amarae
1295 1994 1298 1997 Δ

122 2034 328 2086 corticis,
361 2039 488 2089 atquc
520 2036 610 2076 solo
642 2049 847 2089 proceras
879 2036 1004 2089 erigit
1035 2035 1169 2076 alnos.

121 2101 236 2143 Tum
289 2101 404 2142 canit
461 2107 673 2142 errantem
726 2102 948 2143 Permessi
1000 2102 1055 2144 ad
1106 2101 1281 2143 flumina

651 2167 837 2222 Gallum,

123 2234 272 2276 Aonas
302 2236 342 2275 in
374 2240 539 2276 montes
571 2239 615 2275 ut
644 2235 809 2276 duxerit
839 2249 922 2276 una
952 2249 1160 2288 sororum,
1281 2243 1332 2278 65

124 2301 267 2356 Atque
299 2301 386 2341 viro
417 2301 579 2343 Phoebi
610 2302 764 2343 chorus
795 2302 1089 2396 adsurrexclrit
1120 2304 1280 2353 omnis;
