1515 2620
512 175 717 214 ECLOGA
748 175 815 222 ΙΧ,
847 178 1024 215 44-45,
1275 183 1357 224 181

169 284 361 333 vissimas,
401 290 456 332 et,
495 298 567 336 quo
605 287 694 324 nihil
733 299 817 325 esse
856 286 975 337 possit
1006 286 1220 333 delicatius,
1260 301 1357 339 aqua

171 364 221 389 ex
257 351 343 390 nive
381 351 602 390 hilarissime
639 353 824 398 exundat,
863 358 954 402 potu
991 353 1207 392 laetissima.
1272 354 1356 392 Hoc

171 421 295 455 autem
325 418 363 454 in
393 418 476 455 loco
506 418 757 468 Polyphemus
789 431 963 456 sensuum
994 420 1146 470 plenus,
1177 432 1270 470 quos
1299 425 1354 458 tc-

171 483 342 521 ncriores
379 496 446 522 ver
482 484 665 534 inspirat,
705 484 818 522 flores
854 485 982 522 laudat
1011 486 1147 523 circum
1176 486 1278 525 rivos
1308 487 1355 524 de

172 550 359 587 montibus
389 554 562 596 ruentes,
593 563 710 601 prope
741 564 834 601 quos
865 551 998 601 pascit,
1030 553 1203 602 populum
1233 553 1353 590 albam

170 629 263 654 aura
291 629 405 667 super
435 621 545 654 antro
575 617 811 661 ventilatam,
845 622 901 664 et,
933 617 1095 655 calorem
1127 624 1260 657 contra
1290 631 1352 657 ae-

167 682 322 728 stivum,
363 683 576 720 umbracula
616 684 744 722 vitium
783 696 850 733 per
887 683 1043 720 arbores
1081 685 1350 731 scandentium,

168 760 265 798 quae
287 749 433 786 Aetnae
463 750 509 787 ad
540 750 701 787 radicem
731 762 858 787 mense
888 749 968 799 ipso
990 749 1109 800 Aprili
1137 750 1353 802 germinant

169 814 256 862 Vll,
295 819 361 855 48.
426 816 656 863 Quisnam,
697 817 852 855 divisum
882 815 952 852 Lb.
984 816 1055 861 lv,
1094 820 1188 855 445.
1256 818 1349 863 Ver,

168 882 294 919 exitus
341 883 422 932 ejus
468 883 605 920 circum
644 883 832 934 Vergilias
870 886 1024 919 exortas
1061 882 1131 920 Lb.
1173 884 1205 928 Ι,
1256 888 1350 928 313,

166 960 275 998 quum
306 947 457 985 Siciliae
481 949 558 998 jam
589 950 685 986 Alba
715 949 881 998 Populus
911 948 1090 999 lanugine
1121 948 1265 986 frondis
1295 949 1350 986 iu-

165 1013 272 1051 ferne
318 1013 540 1052 candicante
585 1011 738 1061 (stollis
782 1015 935 1051 ,matus
974 1018 1350 1053 tomenlosouiveis

164 1080 294 1118 Willd.
333 1080 413 1117 arb.
454 1085 547 1118 227.
585 1080 708 1118 Linne
739 1092 840 1130 spec.
871 1080 986 1130 plant.
1018 1081 1086 1126 lv,
1120 1086 1141 1119 2
1174 1096 1210 1131 p.
1242 1079 1349 1130 802)

165 1147 357 1197 splendet,
406 1145 452 1183 cf.
492 1147 611 1184 Plin.
651 1147 761 1192 ΧΠ,
810 1151 859 1184 23
891 1160 922 1183 s-
956 1149 1028 1192 35,
1076 1151 1114 1183 et
1140 1148 1349 1194 palmites

162 1217 313 1264 repunt,
371 1213 679 1262 Pru-pureum,
714 1213 901 1258 candens,
931 1213 1055 1250 nitens
1086 1213 1156 1250 Lb.
1188 1214 1248 1259 lv,
1281 1216 1348 1252 54.

162 1281 205 1317 ln
233 1281 432 1327 fundere
471 1277 511 1330 (a
531 1282 641 1326 fito,
670 1282 814 1327 fimo,
845 1281 963 1326 fullo
996 1281 1030 1325 Ι,
1075 1279 1146 1331 49)
1179 1284 1348 1330 potestas

163 1346 264 1384 inest
305 1346 506 1399 geniturae
552 1352 591 1384 et
636 1346 909 1397 abundantiae3
959 1346 1265 1395 quemadmodum
1310 1345 1346 1382 in

163 1418 329 1465 cognato
349 1411 466 1462 χέειν,
507 1417 544 1450 et
574 1414 697 1464 prisco
717 1412 1022 1451 Germanicorum
1052 1412 1238 1449 hominum
1267 1424 1345 1461 ge-

162 1488 259 1527 tan,
290 1480 454 1532 gignere
483 1484 522 1516 ct
551 1493 722 1531 egerere.

275 1547 454 1583 44-45,
513 1546 655 1583 Moeris
685 1546 755 1583 sibi
786 1549 1038 1596 persuaserat,
1068 1545 1247 1595 Lycidam
1266 1544 1344 1581 dul-

161 1613 256 1651 cium
287 1612 554 1663 poe’matiorum
586 1614 693 1662 plura
723 1612 938 1656 Menalcae,
971 1612 1159 1661 quaelibet
1187 1612 1342 1657 demum,

160 1680 291 1717 audire
319 1679 428 1718 velle.
487 1678 650 1726 Lycidas
673 1682 793 1714 autem
823 1678 929 1727 plura
956 1690 1002 1714 ex
1027 1677 1072 1713 iis
1088 1677 1201 1727 cupit,
1233 1677 1343 1727 quale

159 1746 250 1783 illud
285 1746 322 1782 in
362 1745 517 1781 Varum:
567 1757 720 1793 quorum
752 1747 959 1794 poematum
991 1748 1250 1794 argumentum
1281 1756 1341 1780 sa-

158 1812 217 1850 lus
246 1811 297 1849 sit
325 1810 411 1862 agri
440 1810 648 1846 Mantuani.
709 1810 826 1854 Quid,
857 1809 910 1846 ait
940 1814 1158 1859 propterea,
1188 1822 1236 1846 ex
1267 1808 1339 1845 illis

159 1877 328 1917 versibus
359 1876 478 1913 adhuc
508 1875 685 1911 memoria
716 1880 833 1921 tenes,
866 1886 958 1924 quos
989 1876 1091 1912 solus
1121 1880 1159 1912 tu
1182 1887 1339 1925 vespere

160 1944 344 1994 quondam
383 1941 559 1978 stellante
597 1942 781 1979 canebasl
826 1942 959 1978 Modus
997 1954 1071 1993 ego
1102 1954 1337 1978 numerorum

157 2010 278 2048 adliuc
308 2009 387 2059 ipse
417 2007 517 2052 seio,
548 2008 662 2045 verba
691 2012 813 2045 autem
845 2020 986 2057 parum.
1046 2008 1176 2052 Simul,
1208 2007 1337 2056 opina-

156 2073 296 2120 bimur,
327 2073 455 2109 modos
486 2086 588 2118 cum,
619 2086 712 2123 quos
742 2074 911 2119 tenebat,
941 2074 1064 2111 verbis
1094 2087 1174 2110 cum
1205 2072 1335 2123 aliqui-

157 2141 225 2177 bus
255 2139 423 2190 abruptis
454 2138 624 2176 fremere.
687 2141 806 2182 (laid
832 2143 1065 2177 memini-stet
1097 2137 1163 2187 (ex
1194 2154 1228 2179 v.
1261 2138 1332 2191 38)

157 2218 212 2244 ea
240 2209 459 2251 carmina,
498 2219 626 2256 quae.
688 2206 810 2250 va,
848 2206 906 2242 liic
935 2210 994 2242 est
1024 2206 1223 2256 incipiens,
1253 2206 1333 2246 sive

157 2284 292 2322 vesper
322 2271 394 2309 Lb.
428 2271 497 2316 ΙΙΙ,
540 2274 634 2311 538.
694 2272 836 2319 Pura,
868 2285 889 2309 a
920 2272 1096 2319 nubibus,
1126 2278 1168 2311 ut
1197 2285 1332 2313 novum
