1472 2620
487 146 685 183 ECLooA
720 147 785 193 v1,
835 153 853 185 1
866 152 966 185 —2.
1288 156 1312 192 ⁷

510 250 944 317 Σηιοοίαια.

256 396 413 429 1-12,
479 390 598 428 Poe‘ta
642 391 678 428 in
720 405 818 428 nona
856 394 988 445 ecloga
1028 394 1114 430 anni
1154 395 1310 444 proximi

142 458 345 509 superioris
375 472 409 497 v.
442 462 504 498 26.
534 458 664 495 laudes
702 467 1052 498 commemoraverat
1082 461 1168 498 Vari
1198 462 1312 507 ducis,

141 531 290 576 tresque
319 539 447 564 versus
476 526 580 576 quasi
610 526 821 563 memoriter
844 526 983 563 fecerat
1002 529 1155 566 cantari.
1196 530 1312 576 Nunc,

141 592 194 630 uti
233 592 394 639 videtur,
434 594 619 645 expetitus
658 593 808 631 carmini
848 607 888 630 se
925 594 1073 631 heroico
1104 597 1313 645 praetendit

139 673 266 710 parum
296 660 488 706 sufficere,
519 661 687 713 eclogam
716 674 783 712 pro
815 661 877 698 illo
910 661 1037 698 dicans
1068 662 1211 699 altioris
1241 666 1312 714 spi-

141 727 246 764 ritus.
277 750 330 755 —-
362 729 508 766 Tenuis
544 742 714 767 arvorum
752 733 862 778 poeta
901 742 1046 766 carmen
1087 743 1161 781 ego
1192 731 1312 768 heroi-

143 807 223 832 cum
253 808 505 846 susceperam,
537 797 600 834 sed
630 796 801 847 Apolline
840 795 947 833 irato.
1007 798 1133 838 Quare
1164 797 1246 844 alii,
1292 814 1312 835 o

144 863 261 908 viare,
300 862 448 900 fortiter
485 877 507 900 a
545 868 581 900 te
620 863 719 900 facta
750 869 903 901 canent:
947 864 1112 915 equidem
1151 865 1313 903 carmina

141 935 281 967 tantum
314 930 490 976 bucolica,
523 944 594 967 non
627 943 720 980 quae
747 931 878 981 Apollo
911 937 1022 976 vetat,
1055 932 1187 970 audeo.
1232 934 1312 970 Ta-

138 1010 219 1035 men
251 996 358 1035 etiam
389 997 490 1043 baec,
521 997 636 1034 sicubi
666 997 764 1034 forte
795 998 954 1048 placent,
987 1006 1068 1036 tuas
1098 1000 1227 1037 laudes
1252 1014 1311 1038 so-

140 1065 290 1111 nabunt,
322 1077 439 1115 eoque
468 1070 627 1117 surgent
656 1065 868 1102 animosius.

252 1137 382 1171 1—-2,
448 1133 480 1169 A
518 1133 657 1170 'finalia
700 1133 885 1170 excitatus
933 1146 1012 1170 cuin
1052 1135 1178 1184 paucis
1215 1135 1311 1173 inter

138 1200 327 1237 Romanos
364 1199 500 1250 primus
537 1213 610 1251 ego
641 1200 781 1237 leviora
820 1201 982 1237 carmina
1012 1200 1153 1238 formae
1183 1202 1310 1239 Theo-

139 1267 277 1304 criteae
307 1267 468 1318 experiri
499 1267 674 1318 dignatus
705 1280 795 1313 sum,
828 1281 895 1305 nec
927 1268 971 1305 ad
1003 1269 1128 1306 tenuia
1159 1270 1311 1322 negotia

138 1337 326 1384 pastorum
357 1333 579 1372 silvestrium
610 1340 774 1370 moratus
806 1335 946 1371 erubui.
1002 1336 1203 1373 Mutatum:
1235 1352 1311 1373 no-

138 1408 234 1439 stra
271 1399 452 1445 Thalia,
483 1401 684 1450 quaemihi
715 1401 856 1450 meique
887 1401 1064 1439 similibus
1094 1401 1205 1448 favet,
1237 1404 1309 1454 pri-

138 1482 195 1506 ma
233 1468 327 1505 hunc
363 1467 484 1505 ludum
523 1468 705 1505 industria
743 1481 809 1505 sua
847 1468 1001 1520 dignata
1037 1476 1105 1507 est.
1179 1470 1309 1517 Poeta,

137 1548 219 1586 ego
249 1535 443 1586 superbum
475 1535 676 1582 reveritus,
714 1548 808 1573 unus
847 1537 891 1573 de
923 1536 1044 1573 multis
1075 1537 1190 1576 videri
1221 1538 1309 1576 vult.

136 1603 289 1641 Nobiles
327 1602 482 1640 Romani
530 1588 586 1640 an¹
619 1616 693 1640 una
738 1616 818 1640 cum
862 1618 906 1641 eo
951 1605 1119 1655 eclogam
1166 1605 1311 1655 experti

136 1670 230 1717 sint,
262 1670 408 1715 nesci03
440 1670 593 1721 Cruquii
622 1671 841 1708 scholiastes
872 1671 1013 1721 quidem
1045 1672 1090 1708 ad
1116 1672 1261 1709 Horatii
1279 1674 1307 1710 l.

137 1739 207 1777 (Μ.
239 1744 275 1778 6.
306 1738 351 1775 de
383 1737 483 1775 Varii
514 1738 657 1790 eclogis
687 1752 892 1776 sermonem
924 1738 1032 1784 t'acit3
1064 1738 1111 1775 cf.
1145 1739 1209 1784 lx,
1242 1742 1308 1778 35.

139 1805 227 1843 Pari
248 1809 432 1854 potestate
451 1809 621 1854 primns
647 1806 715 1842 Lb.
743 1806 811 1850 ΙΙΙ,
849 1812 908 1843 10.
942 1806 1074 1842 dictum
1102 1811 1171 1842 est.
1216 1807 1307 1844 Rur-

139 1885 293 1910 uiauuus
317 1871 479 1910 carmina
503 1878 622 1910 tamen
650 1873 844 1924 intelligit,
875 1873 1011 1924 primae
1035 1873 1308 1912 adolescentiae

139 1939 273 1984 studia,
305 1952 398 1989 quae
422 1939 587 1976 bucolica
614 1946 730 1984 erant,
763 1941 856 1977 unde
887 1945 1043 1991 poetam,
1075 1941 1306 1980 audaciorem

138 2005 295 2051 sactum,
326 2006 356 2042 si
387 2007 504 2056 possit
532 2007 577 2043 ad
608 2007 711 2058 opica
741 2008 932 2045 transitum
965 2007 1106 2052 facere,
1137 2010 1202 2046 sed
1233 2010 1307 2047 tru-

139 2078 236 2118 stra,
277 2073 520 2123 periclitatum
552 2088 645 2111 esse.
705 2075 819 2117 Quasi
845 2077 919 2126 jain
952 2080 1024 2112 tuni
1056 2089 1201 2113 carmen
1233 2078 1307 2128 epi-

140 2154 221 2179 cum
252 2145 362 2191 poeta
391 2141 488 2178 serio
519 2142 739 2191 susceperit!
815 2141 996 2189 Thalia,
1035 2157 1055 2181 e
1085 2144 1200 2180 Musis
1230 2145 1307 2184 sive

141 2209 308 2260 nymphis
337 2209 493 2246 animum
525 2209 787 2260 inspirantibus
807 2211 869 2257 lll,
897 2219 963 2252 85.
999 2212 1073 2255 vn,
1095 2216 1157 2250 21.
1188 2214 1236 2250 Χ.
1260 2220 1306 2258 1.,

143 2289 272 2314 nomeu
305 2290 327 2314 a
356 2269 538 2323 θάλῖειν,
570 2277 798 2329 germinare,
830 2280 1042 2321 invenerat,
1073 2285 1129 2323 et,
1161 2280 1306 2318 Plutar-
