1472 2620
214 163 276 202 (30
541 157 741 194 ECLOGA
771 156 834 202 Vl,
863 162 1056 196 78—81.

212 270 364 314 bantur,
395 281 575 320 regnasse
603 268 760 307 videtur.
820 268 909 306 Inde
938 274 1111 319 apparet,
1148 283 1260 319 quare
1290 282 1378 306 con-

212 336 418 376 versionem
449 337 640 386 utriusque
669 336 827 381 sororis,
867 348 1080 386 quamquam
1110 337 1301 374 maximum
1333 350 1377 374 ea

214 408 380 441 ornatum
420 403 566 441 dicendi
602 403 880 454 suppeditabat,
921 403 1072 441 Ovidius
1111 408 1230 440 tamen
1267 404 1373 442 Met.

213 471 273 516 Vl,
303 475 382 509 433
402 493 452 498 -
473 474 573 516 674,
611 471 714 522 cujus
745 471 779 508 in
806 470 1038 515 narratione,
1070 469 1175 520 plane
1206 471 1252 507 ad
1283 472 1377 508 Atu'-

212 551 289 576 cam
320 537 568 583 conformato,
602 538 745 575 Procne
776 538 930 576 luscinio
950 536 1030 574 fieri
1052 537 1228 583 debehat,
1260 551 1377 589 egens

212 605 388 651 consilio,
428 610 469 642 ut
499 605 727 643 dissimulare
758 606 942 656 nequiret,
983 611 1021 642 et
1049 604 1222 657 ambigue
1252 605 1378 643 dicens

212 673 408 711 dimiserit:

299 769 343 774 ——
366 769 410 774 —
435 769 475 775 —
500 750 590 783 Petit
613 752 717 784 altera
741 751 856 791 silvas,

299 808 415 840 Altera
439 810 527 838 tecta
552 806 652 849 petit,
690 818 799 851 neque
823 807 930 840 adhuc
954 807 996 839 de
1019 809 1156 849 pectore
1181 805 1293 839 caedis

299 863 488 895 Excessere
511 866 630 904 notae,
664 862 864 908 signataque
887 862 1053 905 sanguine
1076 863 1190 906 pluma
1215 866 1276 894 est.

210 943 295 982 Alio
325 944 409 981 loco
439 956 520 980 am.
554 942 599 988 ll,
630 947 667 988 6,
697 949 723 982 7
746 965 799 971 —
826 950 893 989 10,
924 943 1222 993 quemadmodum
1256 941 1377 993 Virgi-

209 1012 280 1048 lius
310 1015 347 1048 et
377 1010 539 1061 plerique
570 1010 747 1055 Romani,
798 1015 946 1048 matrem
978 1024 1060 1048 csse
1090 1011 1192 1061 ltyos
1222 1021 1378 1060 quereu-

209 1083 282 1117 tem
310 1078 549 1115 Philomelam
579 1076 688 1115 fucit:

300 1154 387 1190 Quid
412 1156 522 1188 scelus
546 1154 675 1186 Ismarii
700 1153 868 1196 quereris,
894 1154 1099 1193 Philomela,
1125 1150 1288 1194 tyranni?

411 1211 558 1252 Magna,
591 1210 649 1243 sed
676 1209 803 1253 antiqui
828 1221 930 1242 causa
953 1210 1077 1242 doloris
1105 1210 1181 1251 Itys.

212 1294 423 1343 Contraque
443 1293 558 1338 fast.
591 1291 635 1336 H,
668 1294 745 1329 :553
766 1296 937 1335 -856,
967 1297 1124 1341 utroque
1154 1289 1378 1327 narrationis

211 1374 352 1413 genere
383 1360 584 1411 permixto,
616 1359 805 1403 Procnen,
849 1358 1095 1404 hirundinem,
1127 1357 1242 1395 Terei
1273 1362 1378 1394 autu-

210 1433 286 1466 mat
314 1441 397 1465 esse
427 1440 600 1471 uxorem,
631 1440 724 1476 quae
755 1428 835 1476 ltyu
867 1426 1026 1477 peperit:

299 1502 492 1539 Fallimur?
532 1515 573 1536 an
598 1503 685 1536 veris
710 1504 908 1546 praenuntia
932 1503 1023 1535 xenit
1047 1502 1210 1542 hirundo;

413 1561 457 1593 Et
482 1560 617 1600 metuit,
645 1570 686 1592 ne
710 1570 775 1603 qua
800 1570 895 1591 versa
921 1564 1069 1591 recurrat
1094 1558 1234 1600 hyems?

301 1617 412 1659 Saepe
436 1621 567 1655 tamen,
596 1616 744 1656 Prome,
776 1615 912 1647 nimium
939 1627 1139 1658 properasse
1163 1616 1332 1658 quci·cris;

412 1671 540 1715 Virque
564 1677 620 1703 tuo
647 1672 776 1704 Tereus
802 1670 926 1712 frigore
951 1673 1057 1704 laetus
1082 1671 1155 1704 erit.

211 1754 293 1791 Hoc
323 1753 470 1791 tertium
499 1751 658 1789 Atticam
695 1750 852 1788 fabulam
884 1751 1057 1788 narrandi
1087 1765 1224 1803 genus,
1269 1752 1378 1802 quod,

213 1826 361 1860 servato
391 1820 582 1870 utriusque
611 1818 751 1856 sororis
776 1819 938 1864 nornine,
970 1819 1231 1857 conversiones
1255 1832 1378 1857 earum

211 1888 333 1927 factos
365 1892 565 1938 permutat,
609 1887 704 1937 apud
737 1886 913 1924 neminem
945 1888 1147 1933 Graecum,
1188 1887 1252 1924 sed
1283 1886 1377 1938 apud

213 1957 338 2008 plures
369 1956 556 1992 Romanos
587 1959 715 2005 poetas
746 1968 818 2006 ego
849 1955 1011 2005 [ψει-ἧος
1051 1955 1203 1993 Servius
1233 1967 1376 2005 quoque

215 2029 253 2063 et
289 2023 433 2061 Probus
471 2023 515 2060 nd
554 2023 647 2059 hanc
690 2023 856 2074 eclogam
894 2021 1079 2060 affirmant
1115 2035 1192 2060 cum
1230 2022 1378 2073 Hygino

214 2092 333 2136 XLV,
363 2091 555 2136 Procnen,
602 2090 743 2141 impium
776 2096 943 2136 matrem,
987 2090 1213 2128 hirundinem
1245 2088 1377 2126 factam

217 2172 319 2206 esse;
364 2158 527 2198 vitiatam
566 2157 802 2196 Philomelam
840 2158 1049 2203 lusciniam3
1098 2157 1260 2208 quamvis
1291 2158 1377 2194 Ser-

216 2228 298 2267 vius
327 2226 373 2264 ad
403 2226 473 2265 Lb.
505 2225 565 2273 w,
599 2229 647 2264 15
679 2225 887 2277 opinionem
915 2239 1001 2264 vcre
1017 2225 1175 2263 Atticam
1206 2223 1379 2263 defende-

217 2296 278 2334 rit.
343 2293 504 2340 Quarta,
549 2306 642 2344 quae
682 2307 764 2332 csse
801 2293 936 2346 possit,
980 2292 1127 2331 subulae
1165 2291 1379 2337 immutatio,
