1451 2603
255 421 560 468 ECLOGA
595 421 688 468 VI.
735 422 1196 469 EXPLIGATA.

306 580 641 630 ARGUMEN
646 581 721 628 TI
762 580 1139 629 NARRATIO.

507 750 571 787 AB
602 750 646 788 U.
678 750 719 787 C.
750 749 936 788 DCCXV.

135 848 196 890 L.
227 848 450 891 Marcio
485 848 796 892 Censorino
838 848 887 891 C.
922 848 1174 891 Calvisio
1206 849 1307 892 Sa-

571 926 695 968 bino
730 926 875 969 Coss.

280 1030 667 1068 AESTIVO
726 1030 1153 1070 TEMPORE.

408 1129 569 1172 Virgilius
594 1140 718 1163 annum
741 1140 846 1171 agens
870 1131 1030 1165 30—31.

135 1265 297 1322 Silenus
327 1283 449 1320 ebrius
488 1288 525 1319 et
564 1297 586 1320 a
623 1284 763 1320 duobus
794 1284 940 1333 Satyris
970 1284 1114 1322 vinctus
1144 1298 1302 1330 carmen,

134 1354 174 1386 ut
203 1350 387 1395 solvatur,
425 1350 513 1387 dicit
543 1351 587 1387 de
620 1364 738 1387 rerum
770 1352 934 1402 origine,
975 1365 1022 1388 ex
1054 1352 1227 1402 opinione
1257 1353 1301 1390 ab

132 1417 294 1467 Epicuro
311 1421 502 1467 concepta,
530 1417 698 1468 indeque,
719 1418 955 1468 popularibus
972 1431 1018 1455 ex
1037 1419 1300 1466 auditionibus,

132 1497 193 1522 res
217 1484 450 1535 persequitur
480 1497 595 1534 usque
627 1485 674 1522 ad
702 1490 867 1536 tempora
893 1485 1041 1523 heroica
1065 1492 1213 1538 gestas:
1253 1500 1301 1525 ex

131 1564 204 1602 quo
235 1552 396 1590 carmine
427 1565 543 1602 pauca
573 1557 693 1603 poeta,
725 1553 1024 1603 quemadmodum
1043 1554 1301 1592 recordatione

131 1619 235 1670 quasi
265 1619 407 1658 obviam
437 1618 549 1666 fiunt,
580 1621 636 1659 vel
666 1621 874 1658 accuratius
904 1621 960 1659 vel
990 1621 1144 1657 strictim
1174 1621 1298 1659 iterat.

241 1686 334 1724 Aliis
364 1692 484 1725 autem
515 1688 694 1739 poematis
733 1687 871 1725 formae
902 1688 1152 1725 'l‘lneocriteae
1189 1689 1298 1725 etiam

131 1758 241 1792 antea
271 1755 449 1806 Virgilius
487 1756 660 1804 cognitus
698 1756 765 1792 hoc
795 1755 938 1805 quidem
971 1755 1068 1792 dicat
1098 1755 1297 1792 exordiens

130 1820 304 1858 bellicoso
332 1823 447 1868 Varo,
478 1823 645 1860 laudibus
668 1823 762 1860 alius
792 1823 918 1868 amici,
949 1823 1045 1859 Galli
1073 1827 1227 1873 poetae,
1259 1822 1295 1859 in

130 1893 239 1926 cantu
270 1889 393 1927 divino
424 1903 456 1927 v.
488 1894 661 1928 ‹54—73.
693 1890 839 1927 additis.

242 1957 386 2006 Quippe
407 1956 440 1993 in
459 1970 555 1993 nona
573 1957 704 2008 ecloga
727 1972 759 1996 v.
781 1962 844 2002 26,
863 1970 956 2007 quae
973 1962 1136 2007 tempore
1153 1958 1294 1995 aestivo

129 2023 215 2062 anni
246 2023 447 2061 Dccxlv.
486 2024 695 2075 conscripta
732 2029 805 2069 est,
846 2026 963 2062 Varus
1004 2025 1059 2063 vir
1097 2038 1178 2062 esse
1208 2039 1294 2061 con-

129 2091 293 2142 spicitur,
324 2104 346 2128 a
376 2104 446 2141 quo
471 2091 644 2140 virg-ilius
676 2092 860 2142 praedium
891 2093 972 2137 sibi,
1003 2090 1099 2142 qnod
1131 2092 1164 2129 vi
1194 2096 1294 2130 vete-

127 2172 299 2196 ranorum
338 2159 486 2196 militum
525 2164 741 2209 praeterque
778 2161 950 2197 t'aesaris
981 2159 1173 2197 Octaviani
1211 2174 1294 2210 pro-

79 2271 89 2281 ,
127 2227 275 2264 missum
305 2230 468 2277 ereptum
499 2226 640 2272 fuerat,
673 2227 878 2265 restitutum
904 2229 947 2265 iri
973 2227 1198 2278 speraverit3
1229 2228 1292 2269 ita.

129 2297 169 2332 ut
198 2294 454 2333 Grammaticis
490 2294 598 2334 facile
636 2293 741 2333 tidem
778 2296 913 2334 habere
952 2296 1150 2346 possimus,
1189 2295 1294 2347 agris
