1472 2620
450 161 648 199 ECLOGA
678 160 738 207 vl,
775 164 827 199 74
836 164 963 199 -76,
1227 165 1287 205 55

134 273 260 312 laudes
290 273 391 323 prius
421 274 612 310 continuit.
672 272 761 309 Vide
791 272 861 310 Lb.
897 273 955 319 lV,
987 276 1077 311 394.
1135 269 1288 309 Mirifice

132 345 254 379 autem
277 340 384 378 Gallo
410 340 563 377 blandiri
592 340 733 384 debuit,
764 340 858 389 quod
888 340 955 376 hoe
976 339 1114 389 quidem
1146 339 1180 376 in
1206 339 1287 376 loco

133 408 282 445 Silenus
311 407 431 444 animo
456 406 574 444 elatus
598 419 671 443 non
696 411 834 443 tantum
859 407 1090 445 novissimum
1112 411 1149 443 et
1173 410 1287 442 matu-

132 475 312 512 tissimum
335 474 378 511 de
400 486 548 510 nemore
570 474 719 522 Gryneo
743 487 898 518 carmen,
930 475 1083 511 laudans
1104 473 1151 518 id,
1183 471 1287 523 quasi

132 555 281 579 munere
300 541 416 578 Musis
440 540 484 578 ab
510 540 597 591 ipsis
619 540 687 577 sibi
710 541 898 591 impositu,
929 547 1036 577 cantu
1063 540 1192 585 resert3
1224 540 1288 577 sed

132 609 239 647 etiam
270 621 317 646 ex
348 609 415 645 lioc
444 607 670 658 antiquiore,
720 620 872 657 quocum
904 608 948 644 ad
979 607 1163 643 Heliconis
1192 606 1289 643 radi-

131 689 193 714 ces
224 675 351 714 Gallus
393 675 510 727 adhue
539 678 745 719 erraverat,
790 674 905 711 locum
937 673 1111 722 aliquem,
1161 673 1290 711 leviter

131 756 210 781 eum
243 742 460 788 emendans,
506 742 659 792 repetit,
704 741 843 791 ipsique
873 741 917 778 de
953 739 1107 777 luscinia
1142 739 1286 777 fabulae

131 824 164 849 v.
197 815 244 848 81
279 809 500 861 probabilem
540 822 588 846 ex
625 809 750 846 eodem
787 808 944 846 carmine
982 820 1124 846 versum
1163 805 1286 844 infert.

129 877 260 922 Video,
292 876 476 915 Gisanium
506 889 649 926 quoque
679 881 732 921 et,
764 881 846 926 post
875 889 966 920 eum,
997 875 1195 920 Bartliium,
1226 873 1286 924 qui

132 944 281 994 primum
307 948 527 994 negaverat,
558 948 595 979 et
625 943 819 980 novissime
854 942 1047 979 Fontanini
1079 942 1204 979 ltalum
1226 941 1285 978 Ci-

129 1010 196 1048 rim
237 1010 344 1048 Gallo
380 1009 571 1055 tribuisse3
611 1023 734 1047 verum
772 1023 893 1047 eorum
932 1009 1285 1061 argumentationem

131 1091 240 1129 quum
262 1090 333 1114 non
360 1076 490 1129 magis,
520 1089 623 1127 quam
647 1077 842 1114 Scliraderi
862 1076 1128 1122 refutationem,
1158 1075 1286 1127 cogni-

132 1151 204 1184 tam
224 1145 409 1195 haberem,
437 1157 517 1182 inea
545 1144 705 1181 mihimet
728 1144 795 1193 ipsi
819 1144 1059 1196 ingredienda
1081 1143 1174 1180 ratio
1193 1148 1285 1180 erat.

243 1217 297 1252 74
325 1233 378 1240 -
405 1216 471 1250 76.
536 1211 634 1252 Quid
673 1211 849 1256 referam,
891 1216 931 1247 ut
966 1211 1122 1260 Scyllam
1150 1232 1203 1238 —
1231 1232 1285 1238 —

132 1281 256 1324 deest,
301 1278 552 1329 proposuerit,
606 1282 859 1316 narraverit
886 1292 906 1316 e
935 1292 1042 1316 versu
1074 1284 1143 1322 783
1193 1290 1286 1328 quae

132 1346 289 1384 formula
329 1344 615 1382 continuationis
652 1345 826 1382 Romanis
870 1346 1057 1382 admodum
1095 1345 1182 1382 trita
1218 1348 1285 1381 est.

136 1412 251 1457 aniel
277 1415 452 1462 loquar,
490 1420 556 1456 nt,
587 1412 683 1461 quod
713 1413 804 1449 liber
834 1413 1018 1449 Romanus
1049 1411 1173 1456 habet,
1212 1410 1287 1462 legi

131 1481 278 1520 videtur
315 1492 465 1516 necesse
502 1492 602 1524 esse3
651 1479 817 1528 quoniam
860 1479 977 1522 Quid
1017 1480 1174 1529 loquar
1210 1485 1291 1516 auc

133 1548 329 1599 Scyllam
353 1546 398 1583 ad
424 1546 601 1583 auditoris
627 1545 794 1591 animum,
818 1546 877 1595 qui
909 1555 986 1583 aul
1008 1546 1161 1595 quidem,
1192 1546 1286 1594 quod

133 1615 318 1666 sequitur,
349 1613 413 1650 sed
441 1621 493 1650 oet
520 1626 590 1650 non
619 1626 734 1663 aeque
756 1613 983 1664 cogitatione
1010 1613 1202 1662 praecipit,
1233 1612 1287 1649 ni-

131 1684 181 1721 hil
211 1682 308 1720 aliud
339 1681 405 1726 sit,
444 1680 532 1717 nisi:
579 1681 675 1722 Quid
705 1681 750 1717 de
780 1680 903 1729 Scylla
932 1685 1124 1729 praeterea
1153 1692 1287 1717 sermo-

133 1764 214 1788 nem
243 1748 394 1794 faciaui3
440 1748 536 1798 quod
566 1748 710 1798 illepide
739 1747 871 1784 dictum
902 1751 1011 1783 esset.
1069 1746 1288 1784 Hafnieuses

135 1830 260 1854 omnes
296 1823 376 1853 aut
408 1814 502 1852 falso
544 1815 694 1860 liabent,
739 1819 775 1851 et
810 1815 856 1851 J)
894 1815 1002 1864 qm'd
1035 1814 1199 1863 loquor.
1233 1835 1287 1841 —

136 1885 309 1934 Scylla,
358 1882 461 1932 cujus
490 1880 620 1917 fluetus
650 1881 808 1931 pericula
843 1881 964 1918 nautis
993 1885 1065 1917 tum
1096 1894 1193 1918 oram
1224 1881 1287 1918 im-

135 1950 254 2002 perite
290 1948 499 2000 legentibus
536 1948 780 1993 initiabantur,
827 1961 934 1998 rupes
971 1947 1114 1984 infamis
1163 1948 1288 1986 ltaliae

136 2018 183 2057 ad
214 2016 344 2054 fretum
375 2015 587 2060 Siciliense,
632 2010 778 2052 σκύλλα
809 2015 832 2052 i.
863 2028 893 2052 e.
924 2018 1046 2052 canis
1077 2028 1204 2052 nomen
1242 2015 1287 2052 ab

138 2084 245 2123 undis
270 2082 409 2121 invenit
428 2082 656 2127 latrantibus,
687 2095 778 2133 quae
802 2082 897 2120 iuter
922 2082 1070 2119 dentata
1093 2095 1184 2119 saxa
1206 2095 1287 2120 cae-

138 2164 206 2190 cae
225 2149 365 2201 scopuli
390 2150 520 2187 radicis
543 2151 766 2188 rotabantur.
815 2151 880 2187 His
902 2149 1068 2187 nauticae
1090 2147 1233 2187 fabulae
1252 2154 1289 2186 et

138 2223 266 2258 vetera
291 2218 326 2255 in
352 2217 484 2254 heroos
509 2230 653 2255 errores
678 2217 836 2256 carmina
858 2222 1053 2255 monstrum
1080 2217 1290 2266 superaddi-

140 2287 272 2326 derunt
301 2284 491 2331 liorribile3
522 2286 678 2323 Homero
707 2286 847 2336 quidem
877 2290 1026 2323 auctore
1049 2283 1177 2333 odyss.
1208 2284 1290 2330 ΧΙΙ,
