1515 2620
232 183 327 222 218·
566 173 772 212 ECLOGA
803 174 852 220 X,
882 179 1061 216 44—49.

232 288 368 326 tionem
399 292 544 325 amatae
574 287 701 337 procul
732 300 754 325 a
779 291 937 335 putria
968 288 1098 326 Gallus
1127 290 1312 339 queritur:
1345 304 1414 329 nec

230 357 302 394 nisi
332 356 369 392 in
399 368 498 392 anno
515 354 735 402 Dccxvn,
767 355 829 405 qui
859 356 961 392 solus
991 356 1059 393 hac
1089 355 1126 393 in
1157 360 1281 394 aetate
1294 371 1414 396 annus

229 423 386 460 hostiles
417 423 452 459 in
484 422 628 459 ltaliam
659 422 894 460 incursiones
925 436 1005 460 cum
1036 422 1135 460 fama
1165 424 1414 474 expeditionis

229 491 276 528 ad
313 488 517 528 Rhenum
560 503 678 540 usque
721 490 844 528 factae
881 490 1089 542 conjungit.
1149 490 1222 528 Dio
1261 491 1414 530 Cassius

228 564 362 596 auctor
392 564 462 603 est,
493 572 591 595 anno
622 558 828 595 „ccxvii
848 559 1046 595 Caesarem
1065 558 1306 596 Octavianum
1337 572 1414 596 om-

227 627 336 664 nihus
376 625 516 664 viribus
557 625 675 662 nisum
707 639 811 671 esse,
853 633 894 663 ut
925 627 1080 664 classem
1110 639 1214 663 suam
1244 626 1413 676 proximo

227 708 325 733 anno
365 707 388 731 a
427 694 546 731 Sexto
584 694 764 745 l'ompejo
803 693 983 732 devictam
1022 694 1256 739 restitueret,
1297 699 1336 731 et
1364 694 1411 731 ab

225 761 494 812 irruptionihus
523 762 676 800 victoris
708 761 872 807 audacis,
904 762 965 812 qui
997 762 1043 799 ob
1074 761 1289 799 felicitatem
1307 775 1411 799 suam

224 830 389 880 Neptuni
419 828 517 865 filius
548 841 631 866 esse
662 830 903 877 credebatur,
942 843 1043 867 oram
1075 829 1205 866 ltaliae
1235 828 1411 868 defende-

222 902 293 935 ret.
325 897 465 935 Novam
496 897 651 934 classem
684 898 884 948 parandam
916 903 954 935 et
984 904 1128 949 portum
1149 897 1287 934 Julium
1312 898 1410 948 apud

221 966 336 1016 Bajas
372 965 602 1003 condendum
642 965 710 1002 Lb.
751 966 803 1010 ll,
847 971 948 1011 161,
991 965 1028 1002 in
1065 978 1157 1016 quo,
1203 965 1406 1003 secundum

221 1032 463 1078 Suetonium,
495 1045 562 1083 per
591 1037 706 1069 totam
737 1033 891 1070 hiemem
923 1033 986 1070 illa
1016 1033 1284 1078 exercebatur,
1316 1046 1407 1070 con-

220 1101 291 1139 suli
328 1101 580 1139 committebat
619 1113 666 1136 ex
698 1100 831 1137 Galliis
869 1106 1046 1138 revocato
1085 1100 1300 1151 Agrippae,
1345 1100 1408 1151 qui

218 1169 302 1207 illas
331 1168 557 1206 rebellantes
588 1168 695 1204 modo
727 1168 937 1214 sedaverat,
969 1168 1158 1206 decretum
1182 1167 1405 1218 triumphum

218 1241 361 1275 tantum
391 1240 602 1287 propterea,
633 1235 730 1286 quod
763 1236 938 1273 Caesaris
968 1236 1004 1273 in
1036 1234 1243 1273 infortunio
1272 1235 1407 1273 laetari

218 1305 253 1343 ei
292 1304 486 1357 indignum
517 1303 730 1349 videbatur,
769 1303 1002 1354 deprecatus·
1061 1304 1118 1341 Ad
1149 1308 1206 1341 tot
1235 1303 1405 1356 negotia,

215 1373 255 1410 in
283 1373 365 1424 ipso
397 1386 496 1410 anno
527 1372 733 1409 Dccxvn
767 1371 943 1423 perfecta,
976 1371 1093 1423 prima
1122 1378 1225 1410 certe
1255 1376 1402 1409 aestate

216 1440 340 1478 redire
368 1441 537 1492 Agrippa
567 1439 712 1485 debuit;
744 1439 928 1490 inquietas
946 1440 1088 1478 Gallias
1119 1444 1301 1491 pacatum,
1325 1439 1403 1491 jam

215 1507 388 1559 proximo
419 1506 613 1557 superiore
643 1520 741 1544 anno
758 1507 944 1544 Dccxvl
966 1514 1069 1545 trans
1086 1508 1200 1558 Alpes
1221 1507 1403 1545 transisse

216 1575 409 1613 debuerat.
468 1574 559 1611 Nam
592 1588 666 1611 non
699 1579 854 1618 tantum,
886 1575 1054 1624 Appiano
1073 1581 1239 1620 auctore,
1273 1574 1403 1611 Gallos

214 1642 424 1693 Aquitanos
454 1641 611 1680 victoria
640 1641 870 1687 debellabat,
910 1655 982 1691 qua
1006 1643 1193 1692 jacentem
1225 1642 1402 1679 Caesaris

216 1711 340 1749 erexit
370 1710 548 1755 anim‘um3
579 1709 645 1746 sed
675 1709 808 1755 etiam,
840 1709 1091 1746 Romanorum
1123 1709 1273 1755 ducum,
1305 1709 1403 1747 sicut

215 1779 288 1816 Dio
319 1779 484 1829 loquitur
513 1777 720 1823 admirans,
751 1777 864 1822 altor,
897 1783 1002 1814 trans
1034 1777 1201 1814 Rhenum
1232 1777 1400 1820 transiit:

213 1849 286 1885 imo
324 1852 414 1884 tunc
452 1846 650 1896 temporis,
691 1846 787 1896 quod
819 1846 957 1882 Strabo
997 1849 1124 1882 narrat
1154 1849 1193 1882 et
1221 1844 1398 1890 Tachus,

212 1916 331 1954 Ubios
361 1914 398 1951 in
429 1914 545 1964 ripam
575 1914 762 1950 sinistram
794 1912 1007 1950 traduxisse
1038 1912 1213 1958 creditur,
1244 1925 1400 1963 quorum

211 1984 301 2022 urbs
338 1987 470 2035 postea
513 1995 580 2033 per
617 1982 696 2032 ejus
735 1987 880 2032 neptem
919 1981 1162 2033 Agrippinam
1192 1981 1398 2018 Romanam

212 2051 394 2089 coloniam
447 2063 655 2100 nomenque
701 2048 881 2086 Coloniae
925 2049 1210 2101 Agrippinensis
1261 2047 1397 2099 (hodie

211 2118 331 2171 Kiiln)
370 2118 527 2169 accepit.
587 2119 691 2170 Ergo
731 2117 872 2162 Gallia,
920 2117 1106 2154 intestinis
1146 2117 1397 2154 Romanorum

212 2188 378 2225 excitata
395 2187 607 2232 discordiis,
640 2199 661 2222 n
679 2185 886 2235 Pyrenaeis
904 2185 948 2221 ad
970 2185 1136 2222 Rhenum
1154 2198 1283 2235 nsque,
1315 2197 1396 2222 cum

211 2255 334 2305 aliqua
372 2260 477 2306 parte
516 2253 820 2292 Germanicorum
859 2253 1067 2291 accolarum
1104 2266 1206 2291 arma
1244 2258 1395 2303 ceperat

211 2325 248 2360 in
278 2323 485 2362 libertatem
515 2335 556 2360 se
586 2322 809 2361 vindicatum
841 2321 912 2359 Lb.
931 2321 957 2365 l,
990 2324 1083 2360 509.
1115 2321 1241 2358 Motus
1270 2326 1391 2358 nutem
