1515 2620
161 161 254 202 200
525 152 732 192 ECLOGA
762 152 812 201 x,
843 157 997 193 9-12,

162 267 300 306 amoris
328 267 409 304 sine
439 264 550 302 dubio
582 269 711 302 essent
740 263 871 313 mitae,
903 263 977 302 nisi
1007 262 1231 304 abfuissent.
1263 267 1356 304 Sine

164 340 320 372 ornatu:
372 332 503 370 Gallus
541 331 857 376 obliviscebatur,
895 331 1063 369 dolorem
1101 343 1208 368 suum
1243 340 1356 370 cantu

162 401 281 439 lenire
313 413 345 438 v.
379 403 446 438 50.
489 398 683 448 Indigno
713 411 875 444 amore,
907 398 1064 450 indigne
1094 398 1235 444 babito,
1266 411 1358 449 quo·

163 480 244 505 cum
276 479 349 503 non
380 465 675 504 fiebatmutuum
708 465 806 512 vm,
840 471 904 504 18.
937 465 1195 511 l'etuslectio,
1227 478 1360 516 quum

158 535 354 582 peribat,
395 533 608 585 elegantior
647 538 706 570 est
743 538 780 570 et
818 533 974 584 gravius
1005 532 1161 578 dicitur,
1201 538 1360 583 propter

164 599 324 638 actionis
355 600 650 637 diuturnitatem.
683 600 785 637 luter
814 599 1032 637 scribendas
1053 599 1183 636 literas
1202 598 1360 650 (puncto

164 667 375 718 temporis),
407 681 540 718 quum
570 667 809 714 scriberet,-
841 667 940 704 inter
956 666 1190 704 scribendum
1211 667 1360 704 Laoco-

165 739 292 772 ontem
323 733 563 783 (continuato
595 733 795 785 tempore),
826 747 958 785 qaum
988 734 1219 772 scribebat.
1258 734 1360 771 ldem

166 801 366 852 potestatis
409 802 508 838 iuter
554 800 759 851 perfectum
806 808 844 838 et
883 800 1137 851 imperfectum
1176 801 1386 838 interestzs

165 869 280 905 Modo
310 873 393 904 erat
422 869 603 915 scribens,
635 871 845 916 scripsit,·
877 868 1025 905 solebat
1041 868 1221 913 scribere,
1252 871 1359 906 scri·

168 934 321 973 bebat:
367 940 511 973 tantum
550 938 684 986 poetae
729 936 818 980 boc,
867 937 1002 985 quippe
1044 935 1200 987 gravius
1244 935 1359 980 dieto,

167 1015 235 1052 pro
274 1003 338 1039 illo
377 1016 652 1053 nonnumquam
691 1002 745 1039 uti
791 1002 904 1045 licet3
959 1003 1059 1052 quod
1101 1015 1224 1054 genus
1266 1003 1360 1039 Hor.

166 1070 235 1120 Ep.
267 1070 301 1115 1,
343 1075 412 1116 10,
451 1075 528 1108 49:
577 1075 711 1108 contra
743 1082 850 1115 raro,
882 1068 938 1106 cf.
971 1071 1078 1106 Serv.
1110 1069 1156 1106 ad
1187 1070 1280 1106 Aen.
1314 1069 1361 1114 ΙΙ,

168 1139 264 1175 455.
302 1137 561 1174 Parnassus
595 1137 660 1182 vl,
695 1143 746 1176 29
778 1135 919 1173 fontem
952 1136 1112 1173 babebat
1142 1136 1362 1174 Castalium.

166 1204 313 1253 Juga,
354 1204 461 1241 ambo
501 1205 581 1255 ejus
621 1203 828 1241 cacumina.
884 1203 1076 1248 Pindus,
1116 1203 1182 1240 alti
1215 1210 1362 1241 montes

167 1277 277 1308 erant
307 1271 554 1317 Thessaliae,
586 1276 741 1321 propter
770 1270 865 1307 fines
897 1269 1144 1308 Macedoniae
1176 1277 1213 1308 et
1244 1270 1361 1322 Epiri.

166 1336 406 1388 Aganippe
453 1337 536 1375 fons
583 1339 628 1375 de
675 1337 873 1384 Helieone,
917 1344 1045 1376 monte
1082 1338 1242 1375 Boeotio
1281 1338 1362 1375 sive

167 1404 310 1442 Aonio
351 1406 419 1451 w,
459 1410 535 1450 65,
583 1405 619 1442 in
658 1405 894 1442 Permessum
933 1405 1085 1452 defluit3
1131 1406 1266 1443 ibidem
1304 1413 1362 1444 est

166 1471 407 1521 Hippocrene
452 1485 613 1522 quoque.
681 1472 827 1510 Aonie
871 1472 1117 1523 Aganippe
1153 1486 1175 1511 e
1213 1475 1361 1511 Graeco

158 1534 314 1587 Ἀοιίἠι
357 1551 487 1576 versus
518 1551 599 1575 cum
631 1538 736 1575 exitu
769 1538 894 1575 lonico
926 1539 1098 1588 quoniam
1131 1541 1244 1578 verba
1274 1553 1361 1577 con-

165 1604 287 1642 tinere
317 1605 440 1642 solent
469 1618 542 1641 non
575 1606 723 1642 Graeca
754 1610 909 1650 tantum,
940 1606 1006 1642 sed
1038 1606 1147 1643 etiam
1178 1607 1225 1644 ad
1243 1608 1360 1644 Grae-

166 1685 245 1709 cam
283 1672 467 1710 rationem
506 1671 668 1709 formata
699 1676 737 1708 et
767 1684 895 1708 mensa
928 1672 980 1717 ll,
1015 1678 1080 1712 24.
1114 1673 1183 1719 vl,
1217 1678 1291 1720 53,
1322 1680 1361 1712 et

165 1739 283 1776 Silius
313 1740 419 1786 xlv,
460 1744 540 1779 515
588 1738 783 1789 Ortygia
821 1737 1060 1777 Arethusa.
1120 1741 1217 1778 Hine
1255 1741 1362 1779 inscii

166 1805 382 1844 efficiebant
420 1807 541 1858 magis
583 1819 795 1851 commune,
841 1813 879 1843 et
915 1806 961 1843 ob
1001 1821 1029 1844 a
1074 1807 1147 1844 duo
1184 1808 1362 1846 continua

166 1874 261 1911 male
291 1887 431 1911 sonans
461 1873 610 1911 Aonia
643 1873 909 1923 Aganippe:
942 1873 1004 1911 alii
1035 1874 1210 1913 Aoniae
1232 1875 1362 1926 Aga-

166 1944 311 1989 m‘ppe,
345 1941 555 1992 Aganippe,
588 1939 673 1977 fons
690 1941 854 1986 Aoniae3
885 1941 947 1978 alii
979 1941 1143 1992 iusuper,
1175 1943 1237 1992 qui
1259 1943 1362 1995 Aga-

167 2009 303 2059 nippea
336 2015 497 2045 montem
521 2008 770 2053 somniabant,
801 2007 976 2046 Aoniae
996 2008 1265 2059 Aganippae
1282 2010 1362 2048 sive

167 2074 433 2126 Agam'ppes
471 2075 676 2127 genitivum
719 2075 898 2113 creabant
928 2090 949 2112 a
969 2076 1095 2126 juga
1125 2077 1359 2127 pendentem.

168 2142 283 2183 Quod
314 2142 471 2180 Servius
503 2143 718 2188 annotavit,
751 2149 947 2193 utrumque
978 2156 1062 2181 esse
1094 2143 1360 2183 nominativum

168 2209 392 2259 sing-ulariS,
432 2210 468 2247 id
499 2210 643 2249 Aonie
680 2210 922 2260 Aganippe
951 2224 973 2247 a
1004 2211 1144 2262 duplici
1175 2225 1230 2250 ae
1259 2217 1360 2250 vete-

168 2288 247 2311 rum
281 2276 614 2315 Grammaticorum
647 2278 850 2316 defendere
881 2277 1038 2316 videtur.
