1515 2620
169 140 258 181 ¹56
548 129 755 180 ECLOGA
774 129 874 176 vm,
907 134 973 169 σε.

169 244 329 284 ckianae
354 244 404 281 ΙΙΙ
430 256 466 292 p.
487 245 567 280 172
598 240 813 278 Thessalae
842 238 988 276 nobiles
1016 238 1186 276 turbines
1213 252 1362 291 quoque

170 312 340 363 magicos
377 307 564 345 habebant
601 319 650 344 ex
680 319 773 345 auro
804 310 843 344 et
872 318 1040 358 gemma,
1075 303 1150 342 fili·
1181 305 1362 344 circumli-

171 384 286 430 gatos
316 376 425 413 lanae
455 386 686 425 purpureae:

307 474 414 507 Nicus
440 473 561 514 turbo,
593 472 702 506 virum
729 471 786 514 qui
810 475 904 504 trans
931 480 1025 503 mare
1051 470 1176 503 ducere
1199 470 1321 514 possit,

444 528 580 561 Elicere
605 534 638 561 et
662 529 774 561 valeat
798 527 841 560 de
865 526 1023 560 thalamis
1045 536 1184 568 pueros,

307 584 402 617 Auro
433 583 632 624 distinctus,
668 585 842 626 pellucens
868 594 909 615 ex
935 581 1139 623 amethysto,

445 640 572 672 Munus
597 638 820 681 honoratum,
847 642 933 679 stat,
961 638 1096 677 Venus,
1124 647 1217 679 ecce,
1241 637 1322 677 tibi3

307 695 477 739 Purpurei
502 695 636 738 pecoris
660 695 754 728 molli
778 693 940 736 lanugine
965 693 1095 725 cinctus

452 752 482 783 Is
508 750 711 783 Larissaeao
735 752 826 782 lusus
851 748 995 781 amantis
1021 754 1104 781 erat.

173 843 278 880 Anus
315 853 462 890 quoque
501 840 614 889 Syria
646 840 680 876 in
713 839 934 877 meretriciis
965 839 1163 890 colloquiis
1193 839 1365 886 Luciani,

175 920 271 958 quae
300 906 408 944 flocci
438 907 603 956 praemio
635 907 833 944 volaticum
864 911 1066 942 amatorem
1098 907 1263 952 reducit,
1307 920 1368 943 ro-

174 975 289 1011 tulam
327 986 376 1011 ex
407 973 489 1010 sinu
522 973 657 1023 promit
689 970 789 1016 (sine
820 985 889 1010 ave
921 972 1107 1017 nimirum,
1151 973 1217 1010 sed
1248 973 1368 1010 laneis

174 1044 318 1077 tantum
359 1038 433 1076 filis
463 1040 786 1089 circumvolutam)
820 1052 975 1087 eamque
1004 1044 1150 1085 versat,
1188 1041 1272 1076 dum
1305 1041 1369 1077 de-

175 1106 336 1145 vovendi
375 1118 523 1142 carmen
557 1106 724 1143 barbaris
756 1105 966 1142 nominihus
998 1112 1036 1141 et
1066 1106 1274 1142 horrisonis
1304 1119 1369 1144 vo-

173 1172 280 1209 lubili
322 1173 454 1223 lingua
498 1172 644 1209 recitat.
704 1173 787 1210 Non
826 1172 937 1208 aliter
973 1171 1165 1210 veneficae
1204 1173 1373 1224 agebant

173 1239 416 1277 mulierculae
470 1239 614 1276 ltaliae.
691 1238 870 1276 Horatius
919 1245 1095 1289 precatur
1138 1253 1162 1276 a
1210 1240 1369 1278 Canidia

175 1305 296 1357 Epod.
327 1306 454 1352 ΧΠΙ,
487 1310 532 1344 6:

382 1403 548 1443 Canidia,
575 1414 677 1446 parce
704 1403 843 1436 mnibus
868 1404 1006 1437 tandem
1032 1404 1151 1446 sacris,

380 1458 565 1500 Citumqne
589 1464 680 1490 retro
705 1461 820 1500 solve,
847 1461 945 1492 solve
971 1459 1160 1495 turbinem!

176 1548 227 1585 Et
256 1548 354 1598 apud
384 1547 622 1598 Propertium
656 1549 701 1593 ll,
734 1553 798 1593 28,
834 1555 884 1588 35
918 1549 1143 1586 deficiuntur
1169 1550 1370 1602 aliquando

176 1628 246 1653 suo
277 1626 456 1652 successu

313 1715 357 1719 —
382 1714 426 1719 —
449 1713 493 1718 —
518 1695 654 1736 magico
679 1694 759 1728 torti
784 1697 846 1729 sub
871 1696 1024 1730 carmine
1046 1697 1192 1731 rhombi.

176 1769 259 1808 Nisi
298 1770 397 1820 quod
428 1770 566 1806 haecce
597 1769 767 1821 vertigo,
810 1770 961 1815 turbo,
1006 1769 1229 1817 rhomam,
1270 1785 1374 1810 nuin-

177 1850 286 1888 quam
326 1849 447 1886 neque
487 1849 591 1874 avem
627 1849 698 1874 nec
738 1838 820 1888 ejus
851 1837 996 1875 viscera
1025 1837 1171 1876 intenta
1202 1839 1374 1885 habebat,

177 1904 245 1942 sed
274 1916 444 1954 semper,
483 1904 604 1953 qualis
635 1903 707 1940 ista
739 1904 853 1941 Nicus
883 1905 1115 1950 Thessalae,
1156 1906 1373 1944 extremita-

177 1975 236 2009 tes
281 1970 452 2008 staminis
500 1970 598 2007 telae
642 1970 812 2016 relictas,
859 1984 952 2021 quas
993 1971 1184 2009 Romanus
1222 1975 1374 2010 licium

177 2037 357 2075 nominat.
420 2038 477 2073 lta
513 2037 668 2074 Ovidius
699 2052 782 2075 am.
816 2038 850 2083 l,
897 2043 943 2083 8,
988 2044 1014 2076 7
1045 2039 1090 2076 de
1120 2039 1256 2089 Dipsa,
1298 2053 1371 2077 auu

176 2118 309 2156 maga,
341 2103 552 2154 praedicat:

267 2190 340 2224 Scit
365 2191 473 2231 bene,
509 2189 588 2234 quid
615 2201 776 2232 gramen,
804 2192 883 2234 qnid
909 2197 999 2224 torto
1024 2192 1159 2225 concita
1183 2192 1329 2226 rhombo

380 2245 490 2287 Licia,
517 2246 598 2289 quid
622 2248 734 2280 valeat
759 2247 852 2280 virus
877 2247 1021 2280 amantis
1047 2259 1168 2290 equae.
