1515 2620
507 152 712 191 ECLOGA
742 153 841 199 vm,
882 158 947 193 21.
1238 161 1323 200 115

134 261 306 313 proximo
323 275 491 313 vespere,
525 264 717 315 Hesperus
747 263 883 302 factus.
943 265 1002 303 lta
1019 264 1213 319 Meleager
1229 279 1319 317 quo-

131 341 203 380 que
232 328 365 368 Anah.
386 331 456 378 fr.
487 330 650 367 LXXIV
681 332 727 368 de
757 332 974 370 discedente
1005 338 1148 371 amata:

221 406 381 449 Lucifer,
407 417 565 440 auroram
589 407 776 450 revellens,
801 409 915 450 salve,
942 414 976 442 et
1000 411 1090 443 celer
1114 410 1204 443 adsis

333 463 531 507 Hesperus,
557 467 592 496 et
615 462 743 497 referas
759 489 768 505 ,
794 475 895 507 quam
920 464 1054 497 invidus
1081 466 1158 499 1ιίηο
1183 466 1312 508 abigis!

129 531 197 568 His
227 532 459 582 praemissis,
491 531 618 568 mirum
650 545 726 569 non
758 533 914 583 amplius
944 533 1147 580 videbitur,
1177 535 1315 574 Luci·

116 599 199 645 ser
230 612 327 637 nunc
358 599 483 637 oriens
514 599 546 636 si
577 599 678 637 brevi
709 607 795 650 post
825 614 857 636 v.
891 606 957 645 30,
990 602 1134 651 vesperi
1170 603 1314 640 ratione

126 666 264 712 habita,
297 667 487 717 Hesperus
517 667 673 704 dicetur.
731 667 1032 704 praeveniens
1064 668 1209 717 poetice
1240 670 1313 706 dis-

127 738 300 771 tractum.
366 734 545 780 Almus,
595 735 720 779 alens,
769 733 979 772 beneficust
1026 734 1179 784 petitum
1219 735 1253 772 id
1292 749 1313 772 a

126 800 275 838 sincera
304 800 463 839 infantia
491 802 537 839 ad
568 802 742 852 pietatem
775 802 927 851 primum
960 801 1198 851 impulsorum
1228 815 1312 839 sen-

125 880 244 905 suum.
304 868 418 905 Hafn.
444 869 607 906 Cliabet
637 868 852 919 vulgarius:
882 881 1082 918 praeque
1113 870 1312 906 die——

124 941 280 971 ormm.
342 935 540 982 Coujuoe,
587 941 728 980 amata3
776 936 1081 984 quemadmodum
1126 936 1311 974 Anchisae

125 1013 206 1038 cum
250 1001 393 1038 Venere
430 1001 645 1052 conjunctio
686 1002 780 1038 Aen.
823 1002 898 1046 ΙΙΙ,
944 1007 1023 1041 475
1056 1004 1311 1053 coujvtgivm

122 1068 346 1118 appellatur.
405 1069 605 1119 Indigno
645 1082 815 1113 amore,
854 1082 936 1106 meo
975 1070 1092 1106 zunori
1134 1083 1206 1106 non
1252 1083 1309 1107 re·

123 1136 347 1186 spondente,
378 1135 475 1173 falso
506 1150 653 1181 amon-eg
684 1139 861 1186 impari,
893 1137 1094 1173 secundum
1124 1137 1308 1175 Servium.

120 1201 351 1241 Hafnienses
381 1203 439 1241 B.
462 1204 500 1242 C
520 1206 731 1253 indiguae
761 1204 900 1241 liabent
929 1203 1091 1253 pedestri
1123 1204 1307 1250 oratione,

121 1270 220 1319 quod
260 1272 400 1308 nostris
440 1271 585 1308 dicendi
616 1270 808 1322 magistris
838 1271 962 1309 verius
992 1285 1076 1309 esse
1106 1271 1305 1309 videbitur.

121 1337 242 1375 Dum
273 1351 435 1388 queror
463 1360 520 1366 --
548 1359 604 1366 -—-
633 1360 688 1365 —
716 1336 849 1381 hora,
895 1339 1046 1388 Scyllae
1076 1344 1163 1375 sunt
1194 1339 1308 1376 verba

118 1404 156 1442 in
195 1405 274 1442 Uiri
313 1406 410 1443 Galli
450 1420 482 1443 v.
523 1410 617 1444 405.
657 1412 752 1444 406.
811 1404 1009 1455 Azlloqm·
1040 1407 1160 1450 (leve,
1193 1405 1307 1442 advo-

118 1484 219 1517 care,
250 1473 435 1518 salutare3
468 1473 590 1509 l’laut.
650 1472 779 1521 Amph.
812 1471 839 1516 Ι,
879 1478 909 1515 1,
934 1476 1006 1517 263
1038 1467 1162 1516 θεοὺς
1185 1485 1308 1521 Τιρος-

116 1543 236 1577 ειπεῖν
273 1539 446 1589 Aescliyl.
476 1539 550 1590 Ag.
583 1543 663 1577 819
693 1540 825 1586 [8101.
885 1537 1142 1587 Impunita&
1160 1540 1306 1585 juris-

106 1607 302 1655 jurandi
354 1606 532 1647 Venerei
564 1606 750 1656 proverbii
782 1606 900 1642 instar
933 1611 1025 1642 erat.
1088 1606 1302 1652 Moriens,

118 1674 300 1712 moriendi
338 1680 464 1712 certus
501 1688 536 1712 v.
578 1678 643 1712 59.
715 1673 954 1724 Atlloquar
997 1671 1197 1709 Leidensis
1229 1672 1303 1723 pri-

117 1754 197 1779 mus
227 1746 266 1780 et
295 1742 547 1779 Mentelianus
578 1741 681 1791 prior
710 1742 805 1790 apud
838 1742 1101 1776 llurmannuim

231 1814 298 1847 21.
358 1809 534 1846 Carmina
573 1813 732 1857 poeseos
770 1807 934 1844 rusticae
974 1806 1030 1844 vel
1071 1819 1186 1856 parva
1214 1818 1302 1843 can-

114 1875 230 1912 ticula
259 1875 352 1913 varii
383 1875 595 1926 argumenti
625 1880 725 1919 sunt,
757 1875 826 1919 vel,
859 1887 967 1910 unum
1000 1873 1151 1924 longius
1183 1886 1302 1924 nego-

115 1942 205 1979 tium
252 1955 361 1992 quum
408 1942 586 1978 imitando
630 1942 843 1992 el'lingitur,
890 1941 1022 1991 raptim
1063 1946 1301 1989 erumpentes

113 2009 273 2060 impetus
315 2007 590 2045 multiformium
630 2008 916 2045 commotionum
955 2007 1077 2044 animi.
1140 2007 1214 2043 l'er
1245 2006 1300 2043 in-

115 2077 273 2115 tervalla
305 2080 415 2126 poeta
447 2075 586 2112 rustico
620 2075 866 2111 instrumento
900 2074 1038 2110 musico
1071 2073 1191 2117 canit,
1225 2072 1300 2122 ple-

113 2156 268 2193 rumque
305 2142 460 2193 simplici
500 2141 681 2179 arundine
723 2146 788 2178 aut
817 2141 942 2177 listula
974 2141 1170 2176 mullorum
1201 2140 1300 2176 caln-

113 2222 275 2256 morum;
322 2210 380 2247 liic
420 2210 559 2259 majore
599 2208 733 2252 libia,
783 2208 888 2258 eujus
928 2220 1056 2243 sonum
1096 2206 1232 2242 clausis
1263 2211 1300 2241 et

114 2275 256 2327 apertis
298 2274 543 2313 foraminibus
581 2275 804 2312 modulatur.
864 2273 1067 2310 Consilium
1109 2284 1154 2307 ea
1192 2272 1229 2308 in
1261 2285 1300 2307 re

1069 2335 1090 2364 ὅ
1114 2329 1129 2346 0
