1472 2620
456 175 654 214 ECLOGA
686 175 744 221 vl,
774 179 970 215 74—77.
1232 184 1286 224 52

135 287 286 338 insuper
305 299 346 325 se
370 285 550 325 conficere
571 286 676 331 velle,
708 290 900 337 antequam
918 288 1042 325 Musas
1060 300 1145 326 suas
1169 288 1287 339 quies-

134 367 220 392 cere
249 355 358 393 sinat.
422 354 580 392 Messala
609 353 771 403 quidem,
812 354 920 392 docto
945 356 1099 407 juvene,
1139 357 1288 395 sublime

134 434 278 460 carmen
310 421 592 473 philosophicum
622 420 769 472 dignius
798 420 896 467 fore,
927 423 972 460 ad
1002 424 1096 473 quod
1127 423 1287 462 efficien-

135 489 219 526 dum
242 489 311 526 sibi
336 495 456 527 autem
478 488 574 527 vires
597 488 713 525 adhuc
737 488 962 540 colligendas
993 503 1087 528 esse.
1145 491 1289 529 interea

136 557 282 593 tradere
312 569 352 593 se
381 558 488 602 haec,
529 568 621 606 quae
650 555 784 605 possit,
822 556 1058 606 diligentiora
1087 558 1288 597 rudimenta

131 623 355 674 juveututi53
386 623 539 661 exordia
570 636 641 659 non
675 623 919 673 magnarebus
949 624 993 660 ab
1025 624 1085 660 illo
1115 626 1289 676 gerendis

100 739 105 745 ι
135 684 347 740 praemissa.
405 691 557 729 Juvenis
585 703 678 742 ergo
708 694 835 740 poe'ta,
866 690 945 739 qui,
976 691 1079 729 vario
1104 693 1208 729 modo
1235 694 1288 730 in-

135 757 238 808 genii
268 758 364 796 vires
394 758 606 809 experiens,
645 758 824 794 ambiebat
853 757 1027 809 gloriam,
1065 772 1160 796 nunc
1189 759 1288 796 dedi-

136 829 214 869 cat,
245 837 354 874 quum
383 840 448 876 per
476 826 621 876 aliquod
651 830 791 875 tempus
814 825 1016 875 Epicureae
1039 826 1287 877 philosophiae

135 904 176 928 se
198 892 391 929 dediturus·
409 893 468 937 sit,
500 892 772 937 limatissimum,
803 892 898 942 quod
923 892 1166 943 injuventute
1192 907 1287 931 com-

135 963 328 1008 posuerat,
359 971 503 995 carmen
535 959 728 1009 ingenioso
759 963 796 995 et
825 960 869 995 ad
900 960 1087 1008 praeclara
1107 959 1205 997 facta
1225 961 1287 998 ad-

133 1025 289 1075 spiranti
313 1025 440 1076 juveni
469 1026 662 1062 Messalae.
731 1026 793 1062 M.
842 1025 1038 1064 Valerius
1078 1029 1287 1074 lllessala,

134 1092 266 1129 nobilis
296 1097 442 1138 orator,
481 1093 554 1130 dux
585 1097 621 1129 et
651 1097 825 1143 patronus
855 1093 944 1130 artis
973 1094 1152 1140 Musicae,
1183 1108 1285 1145 quam

133 1159 212 1209 ipse
247 1160 465 1207 exercebat,
507 1174 604 1198 anno
643 1160 687 1197 ab
719 1161 761 1197 U.
800 1161 840 1197 C.
873 1160 1040 1197 DCXCV
1070 1161 1172 1198 simul
1208 1176 1285 1200 cum

133 1225 242 1265 Livio
280 1234 388 1264 natus
425 1232 499 1274 est,
546 1233 582 1264 et
619 1240 715 1264 anno
752 1227 922 1273 Dt'Cx1,
971 1241 1075 1278 quum
1107 1229 1287 1267 Antonius

136 1294 302 1332 triumvir
332 1308 411 1331 eum
444 1295 706 1344 proscriberet,
738 1294 782 1330 ad
813 1295 976 1331 Cassium
1008 1300 1044 1331 et
1072 1296 1220 1332 Brutum
1250 1296 1285 1333 in

134 1360 386 1398 Macedoniam
426 1360 637 1412 transfugit.
702 1360 794 1396 Post
832 1374 988 1412 pugnam
1019 1362 1285 1413 Philippensem

133 1440 230 1464 anno
262 1428 429 1464 liccxu
462 1428 676 1464 adolescens
713 1427 912 1463 octodecim
944 1441 1060 1464 annos
1091 1434 1195 1466 natus
1226 1430 1287 1467 de-

133 1494 245 1531 latum
276 1493 345 1531 sibi
375 1494 559 1545 imperium
590 1494 806 1543 reliquorum
845 1493 973 1531 civium
1003 1495 1181 1533 libertatis
1211 1502 1286 1535 stu-

134 1561 319 1598 diosorum
351 1562 551 1607 recusavit,
583 1566 618 1598 et
647 1561 840 1611 plerosque
870 1562 1064 1610 permovit,
1102 1569 1141 1599 ut
1165 1577 1285 1601 secum

134 1629 182 1665 ad
204 1628 400 1666 Antonium
431 1629 639 1666 transirent.
697 1628 892 1664 Antonium
924 1634 1136 1666 constanter
1158 1644 1286 1680 seque-

134 1696 264 1746 batur,
296 1697 412 1734 donec
442 1701 476 1733 et
509 1697 605 1746 ipse,
636 1710 706 1732 non
738 1696 852 1732 :ninus
874 1708 976 1744 quam
996 1696 1142 1732 Asinius
1169 1697 1285 1735 Pollio

135 1760 244 1815 (Arg.
270 1762 355 1815 W),
387 1768 469 1814 post
492 1777 614 1814 pacem
633 1762 884 1799 Brundisinam
912 1762 997 1798 inniti
1026 1762 1208 1800 DCFXlV
1232 1765 1284 1802 lu-

135 1831 316 1868 xuriantis
340 1831 570 1880 imperatoris
594 1832 627 1867 in
654 1831 882 1879 Cleopatram
909 1829 1147 1867 obedientiam
1174 1845 1285 1884 aegre

136 1895 277 1941 ferens,
314 1898 485 1933 Caesaris
515 1897 705 1934 Octaviani
737 1901 858 1946 partes
889 1895 1136 1945 praeferebat:
1182 1912 1283 1948 quem

135 1977 233 2000 anno
254 1963 469 2000 Dccxvm
496 1963 528 1999 in
550 1963 703 2000 victoria
724 1964 767 1999 de
783 1965 899 1999 Sexto
919 1963 1106 2014 Pompejo,
1131 1969 1167 2001 et
1189 1978 1284 2003 anno

135 2030 360 2068 Dccxxm
383 2030 507 2067 consul
529 2029 647 2068 factus
670 2030 704 2066 in
725 2030 877 2068 victoria
893 2030 1042 2067 Actiaca
1066 2032 1109 2067 de
1127 2032 1284 2070 Antonio

136 2098 357 2148 reportanda
382 2097 531 2148 adjuvit.
590 2097 678 2133 lllud
702 2110 843 2134 carmen
876 2097 1007 2147 igitur,
1039 2098 1133 2147 quod
1157 2099 1284 2149 juveni

135 2165 317 2203 Messalae
346 2165 573 2209 inscribitur,
620 2164 678 2213 qui
709 2165 824 2201 adhuc
854 2164 1052 2201 doctrinam
1083 2170 1217 2203 tantum
1248 2172 1285 2205 et

135 2232 344 2270 fucultatem
375 2232 420 2270 ad
449 2245 508 2268 res
544 2231 726 2282 gerendas
756 2232 985 2275 ostenderat,
1034 2237 1118 2268 ante
1155 2233 1282 2271 bellum

141 2300 349 2337 Mutinense
385 2299 627 2349 couscriptum
665 2311 764 2334 essse
796 2298 921 2345 dcbet3
976 2303 1015 2334 ut
1052 2299 1157 2335 ctiam
1187 2313 1282 2337 anuo

1117 2360 1125 2371 '¹
1147 2357 1164 2375 0

1106 2376 1129 2392 ‘u
