1472 2620
443 155 642 193 ECLOGA
671 154 731 191 w.
770 160 791 193 3
800 160 818 192 1
829 174 881 182 —-
892 157 956 192 36.
1219 159 1276 198 25

122 274 268 321 prima
297 282 440 320 quoque
470 272 529 317 lv,
562 274 653 308 187.
684 266 760 304 sive
789 266 937 316 primam
965 265 1151 302 materiam
1182 264 1279 301 dicit.

126 338 193 375 His
222 337 354 389 igitur,
387 338 517 389 quippe
543 333 695 385 primis
725 333 871 379 rebus,
899 334 974 384 jam
1004 332 1123 370 omnia
1152 345 1281 370 exor-

127 406 224 451 dia,
267 410 323 450 et,
362 405 524 455 quamvis
561 404 608 441 sit
643 404 936 446 tenerrimum,
978 401 1091 451 ipsum
1121 401 1282 438 coelum

126 473 416 524 componebatur
445 470 669 523 liquidissimi
699 469 871 506 aetheris.
903 469 958 505 lta
979 468 1175 505 Lucretius
1195 480 1281 517 quo-

125 552 195 589 que
226 540 273 585 V,
315 544 407 578 431.
446 540 634 578 exordia
669 549 833 580 rerum,
874 548 993 572 rerum
1031 535 1163 584 primas
1195 534 1282 572 dicit

125 606 309 658 origines,
351 607 386 644 id
417 613 490 654 est,
524 605 619 656 quod
650 603 768 648 addit,
802 607 943 647 terrae,
975 602 1096 646 maris,
1128 603 1219 639 coeli
1250 608 1287 640 et

124 673 373 712 animantium.
456 672 633 718 Anima,
692 675 755 708 ae'r
792 669 903 706 Lucr.
941 669 977 715 l,
1024 674 1123 714 7163
1171 665 1282 719 υιι-χή

123 741 160 778 in
191 741 325 792 Orphei
344 743 412 788 fr.
444 740 546 777 XlX.
581 742 642 785 [fl.
701 737 921 788 Le'qm'elns
952 739 1072 786 iguis
1098 736 1120 772 i.
1148 749 1181 773 e.
1208 736 1286 772 lim-

122 808 228 859 pidus
258 808 356 860 ignis
385 809 495 846 Lucr.
529 808 586 853 l'l,
619 810 709 844 204.
740 806 808 841 hoc
838 805 917 841 loco
948 804 1090 848 dieitur,
1122 804 1182 853 qni
1212 817 1286 841 ma-

123 876 183 928 gis
227 877 354 913 aether
396 876 467 912 dici
513 874 716 912 consuevit.
781 871 928 909 Orbem
972 873 1140 917 mvndi,
1188 872 1210 908 i.
1252 885 1284 909 e.

121 944 285 980 coelum
321 942 421 979 orbe
459 954 656 985 versans,
694 940 891 976 Lucretius
930 952 1072 988 qunque
1111 939 1159 984 V,
1192 942 1284 977 511.

123 1023 247 1048 cavam
286 1009 557 1047 convexitatem
595 1007 755 1044 aetheris
793 1012 992 1042 extremam
1034 1007 1143 1051 dicit,
1191 1018 1285 1056 quae

123 1078 212 1115 orbe
241 1077 411 1116 volvitur.
501 1076 639 1113 Tener
688 1074 717 1110 is
758 1073 855 1109 orbis
893 1086 964 1109 non
1003 1080 1152 1124 propter
1181 1088 1285 1124 prae-

123 1149 263 1183 sentem
312 1145 542 1196 juventutem
594 1141 742 1186 dicitur,
803 1141 897 1190 quod
951 1154 1070 1192 genus
1123 1142 1192 1178 Lb.
1238 1143 1283 1188 ΙΙ,

123 1217 216 1252 343.
255 1217 407 1250 tenerae
444 1224 502 1248 res
533 1215 673 1253 terrae3
719 1210 781 1245 sed
813 1209 979 1257 quoniam
1012 1223 1097 1259 prae
1129 1210 1285 1246 caeteris

122 1280 246 1316 muudi
297 1279 461 1329 partibus
505 1291 554 1314 ex
598 1275 803 1313 tenerrimis
845 1276 1008 1312 exordiis
1047 1276 1166 1313 factus
1208 1282 1284 1314 est:

123 1360 230 1397 quam
268 1346 458 1383 durantem
499 1344 731 1380 teneritatem
769 1343 900 1379 Cicero
938 1344 991 1380 A}
1031 1345 1087 1380 J).
1127 1346 1177 1389 ll,
1222 1349 1285 1390 25,

121 1413 266 1451 Plinius
296 1413 348 1457 ΙΙ,
380 1417 418 1450 7.
450 1416 487 1447 et
516 1410 725 1447 Marcianus
756 1410 905 1459 Capella
934 1417 1153 1461 agnoscunt.
1193 1413 1287 1449 Gra-

122 1480 183 1520 via
222 1485 344 1517 terrae
381 1478 617 1529 corpuscula,
656 1478 750 1526 quod
790 1477 986 1514 Lucretius
1023 1479 1074 1515 ait
1106 1480 1154 1524 Y,
1193 1483 1285 1523 450,

123 1546 283 1586 infimum
326 1547 445 1584 locum
490 1545 525 1582 in
578 1544 696 1581 medio
734 1550 977 1594 occuparunt3
1026 1551 1097 1582 tum
1136 1546 1286 1596 primum

124 1615 281 1653 nebulae
318 1614 435 1651 instar
472 1626 520 1650 ex
557 1612 783 1650 condensata
821 1626 940 1649 massa
976 1614 1087 1648 multo
1128 1614 1286 1650 minores

124 1696 184 1720 res
215 1683 350 1735 igneae
379 1681 470 1720 levis
500 1680 678 1727 aetheris,
716 1681 838 1718 laeves
868 1685 904 1716 et
935 1680 1133 1724 rotundae,
1164 1682 1286 1718 evola-

122 1750 229 1796 bunt,
271 1754 309 1787 et
345 1749 480 1786 circum
518 1748 795 1791 sternebantur,
843 1753 1021 1797 tamquam
1060 1748 1283 1786 involucrum

125 1817 283 1867 aliquod,
314 1817 380 1854 sub
411 1829 482 1866 quo
512 1816 642 1852 stellae
672 1821 838 1851 errantes
867 1814 1088 1852 ferebantur.
1146 1815 1283 1853 Postea

125 1884 171 1922 ud
216 1896 314 1920 mare
358 1883 602 1932 recipiendum
646 1896 752 1931 qiunn
791 1888 910 1919 terrae
945 1896 1029 1932 pars
1065 1882 1281 1928 subsideret,

126 1951 324 2000 tellusque,
362 1950 510 1986 aethere
540 1954 576 1986 et
605 1950 682 1985 sole
712 1950 867 1993 siccata,
907 1950 1003 1986 salso
1034 1950 1168 1987 sudore
1200 1965 1282 2001 pro-

125 2017 276 2056 fundum
307 2017 493 2067 expleret,
524 2017 605 2053 dum
635 2017 731 2054 circa
762 2030 853 2054 saxa
883 2017 1068 2054 horrentia
1099 2018 1281 2055 molliores

126 2085 241 2125 valles
271 2084 586 2134 deprimebantur:
639 2084 740 2134 plura
770 2098 912 2135 quoque
943 2085 1036 2122 levia
1066 2086 1281 2135 corpuscula

126 2151 274 2203 vaporis
317 2156 354 2188 et
400 2152 495 2188 aiiris
539 2165 579 2189 se
624 2152 852 2197 extulerunt,
898 2157 935 2189 et
972 2152 1064 2188 coeli
1101 2151 1282 2203 fulgentia

127 2220 262 2271 templa
291 2219 549 2258 densaverunt.
609 2219 671 2256 sic
700 2223 820 2257 terrae
850 2225 1022 2257 concreta
1053 2220 1164 2256 moles
1194 2233 1281 2257 con-

132 2288 245 2335 stitit,
274 2288 472 2340 coagulata
500 2288 613 2325 totius
643 2300 688 2324 ex
719 2288 880 2333 sentina3
911 2295 964 2332 et,
997 2287 1196 2332 detinet-ata,
1228 2289 1281 2325 ni-
