1472 2620
424 126 623 165 ECLOGA
653 126 723 171 Vl,
754 129 943 164 67—71.
1206 130 1265 168 47

104 240 180 278 Per
222 239 353 278 Linum
390 244 535 277 atavum
572 238 679 275 Gallo
711 238 840 289 juveni
884 238 1032 282 Musae,
1069 241 1110 272 ut
1139 248 1266 272 nemus

106 308 292 357 Gryneum
323 312 444 352 canat,
477 305 629 356 plurium
659 307 923 342 calamorum
953 304 1165 341 arundinem
1188 303 1267 341 sive

105 373 267 412 fistulam
312 374 478 417 tradunt,
525 385 597 422 qua
641 385 756 408 senex
805 372 885 408 olim
926 371 1126 416 Hesiodus,
1173 371 1268 408 alter

106 442 286 492 Orpheus,
318 442 429 479 silvas
458 440 503 476 ad
533 452 574 476 se
603 439 841 476 excantabat.
900 439 969 476 Ele
989 442 1136 488 aspice
1158 437 1268 475 Hafn.

109 509 154 547 C.
186 508 385 558 Exemplar
414 508 529 558 majus
559 506 727 555 aliquod,
759 519 864 555 quam
896 519 1025 542 recens
1058 506 1268 556 Euphorion

105 574 163 621 X,
210 580 281 619 50,
330 574 388 611 cui
424 573 582 612 fabulam
619 573 767 617 Gallus,
811 573 876 609 sed
914 586 985 608 non
1025 573 1271 610 Granunalice

107 642 251 679 doctam
281 646 319 678 et
349 641 538 679 obscuram
564 639 833 689 eloquutionem
860 639 1036 683 debebat,
1068 652 1183 676 senex
1210 640 1271 677 ille

107 710 293 746 Ascraeus
323 707 414 754 suit,
445 709 541 746 inter
570 707 737 745 heroicas
768 719 946 757 personas
978 706 1167 743 Heliconis
1197 708 1272 744 cul-

108 782 186 822 tus;
218 776 249 813 is
279 776 314 813 in
347 776 519 821 carmine,
551 775 647 825 quod
678 788 742 825 per
771 779 928 811 aetatem
960 774 1079 823 periit,
1111 774 1273 811 eamdem

107 842 266 880 fabulam
291 843 336 880 de
363 842 573 880 Calchantis
599 848 636 880 et
657 841 778 892 Mopsi
808 841 1029 878 hariolorum
1061 842 1272 887 certamine,

106 910 204 960 quod
235 910 363 947 Gallus
394 909 431 945 in
462 909 594 959 oppido
626 909 766 958 Grynio
799 909 1057 953 collocaverat,
1089 915 1174 946 ante
1200 910 1272 946 Eu-

108 977 321 1028 phorionem
352 975 549 1022 cecinerat,
582 981 619 1013 et
649 975 854 1012 orationem
887 975 983 1012 Galli
1014 976 1117 1025 quasi
1148 977 1273 1013 modu-

108 1045 206 1082 latus
249 1049 342 1082 erat.
429 1044 486 1080 Ex
529 1043 687 1094 epistola
725 1042 935 1088 Parthenii,
981 1042 1132 1090 fabulis,
1183 1057 1273 1094 quas

110 1112 219 1150 Gallo
249 1111 310 1148 ille
340 1110 524 1161 epicarum
554 1110 806 1148 narrationum
831 1115 867 1148 et
891 1110 1093 1161 elegiarum
1115 1111 1150 1148 in
1170 1124 1272 1149 usum

109 1179 337 1230 collegerat,
374 1178 604 1229 praeposita,
644 1191 731 1215 ossa
768 1183 908 1219 tantum
946 1178 1088 1215 Gallum
1120 1179 1274 1216 Graecis

112 1259 132 1283 e
176 1244 310 1283 sabulis
354 1246 468 1283 exilia
507 1246 665 1296 legisse,
710 1257 846 1294 easque
877 1258 943 1282 sua
974 1244 1087 1295 ipsius
1125 1246 1273 1284 libidine

112 1311 286 1357 finxisse,
342 1311 526 1349 discimus.
625 1311 815 1348 Sincerior
872 1312 961 1350 haec
1017 1317 1053 1349 et
1112 1313 1274 1352 Hesiodo

111 1379 236 1429 aliquo
275 1391 346 1416 non
386 1378 540 1430 indigna
576 1378 684 1415 alieni
722 1379 931 1430 argumenti
968 1379 1161 1424 tractatio,
1200 1394 1274 1419 non

114 1445 336 1496 obsequiosa
365 1444 641 1495 interpretatiO,
673 1445 830 1482 disertas
861 1446 968 1483 Gallo
1000 1458 1021 1482 a
1052 1446 1207 1498 Virgilio
1237 1454 1275 1486 et

114 1513 173 1551 bic
209 1518 247 1551 et
282 1512 319 1549 in
358 1512 497 1550 decima
526 1512 658 1563 ecloga
687 1513 814 1550 laudes
844 1512 1072 1563 impetrabat.
1131 1514 1276 1553 Ascra

114 1581 216 1620 vicus
260 1579 439 1617 Boeotiae
483 1579 518 1616 in
565 1593 696 1630 aspera
733 1585 770 1617 et
808 1585 999 1616 montuosa
1035 1581 1191 1632 regione
1229 1584 1275 1620 ad

115 1648 286 1686 dextram
324 1647 535 1684 Heliconem
573 1647 791 1684 adeuntibus
822 1647 1031 1692 dicebatur,
1068 1661 1139 1698 quo
1170 1655 1275 1700 pater

117 1714 269 1753 Hesiodi
298 1727 346 1752 ex
377 1715 489 1764 Cyme
518 1715 682 1752 Aeolidis
712 1714 948 1765 migraverat.
1013 1714 1170 1761 Omma,
1200 1716 1274 1755 fra-

118 1782 227 1820 xinus
256 1781 458 1827 silvestris,
500 1782 621 1827 brevi,
652 1779 838 1827 duriore,
870 1794 973 1831 quam
1003 1788 1170 1821 caeterae
1201 1783 1276 1822 sra-

120 1848 211 1894 xini,
245 1854 283 1886 et
313 1848 477 1899 nigriore
508 1853 657 1893 trunco,
690 1854 727 1885 et
756 1848 853 1885 foliis
882 1849 1092 1895 latioribus,
1123 1856 1160 1888 et
1196 1851 1274 1890 lau-

119 1928 207 1952 reae
242 1913 384 1951 frondis
421 1927 490 1951 non
529 1915 780 1960 dissimilibus,
826 1928 918 1965 quae
948 1914 1037 1954 folia
1065 1918 1111 1954 ad
1141 1931 1275 1968 pecora

120 1982 309 2033 pascenda
351 1994 423 2018 non
473 1981 589 2018 minus
626 1982 727 2019 utilia
762 1995 867 2032 quam
904 1982 988 2020 ulmi
1027 1983 1115 2022 folia
1155 1991 1272 2031 erant,

121 2049 355 2087 Fraxinus
391 2047 530 2086 ornus
560 2048 612 2086 L.
645 2046 799 2101 [Colum.
825 2050 870 2086 de
895 2050 1053 2088 arborib.
1076 2052 1173 2096 xm,
1203 2051 1272 2105 ¹·l²

124 2116 241 2154 nostri
280 2129 377 2161 eam,
423 2116 466 2152 de
503 2117 688 2167 elegantia
725 2117 877 2154 nominis
912 2118 1101 2155 admodum
1140 2120 1273 2166 securi,

126 2180 416 2221 Maemae'sclte
462 2183 604 2221 dicunt:
664 2184 831 2234 quoniam
876 2197 1007 2222 manna
1055 2182 1274 2239 (ἀερόμελι)

124 2249 279 2301 Neapoli
315 2262 362 2288 ex
399 2250 538 2288 cortice
576 2251 702 2297 sudat,
740 2252 835 2301 quod
864 2256 1025 2290 ventrem
1055 2254 1100 2290 ad
1131 2255 1278 2292 solven-
