1472 2620
186 143 243 184 ¹6
496 137 697 176 ECLOGA
726 138 787 174 vi.
848 120 1040 178 13—17.

184 250 286 289 simis
318 251 473 288 Graecis
502 262 677 300 perquam
707 249 817 287 auriti
848 248 1088 295 exhibentur,
1117 249 1231 296 calvi,
1262 249 1357 295 simi,

183 319 326 364 hirsuti,
357 318 482 355 colore
512 316 731 368 sanguineo,
762 316 935 353 cornibus
966 315 1116 353 hircinis
1144 317 1357 368 germinan-

185 387 302 433 tibus,
334 390 371 422 et
401 383 526 421 caudis
557 383 701 433 equinis
731 384 789 421 vel
818 383 978 434 caprinis
1008 382 1161 429 additis3
1191 384 1357 422 seniores

187 467 290 498 vero,
322 451 454 489 eximie
478 455 611 501 postea
628 451 771 488 Sileni
791 450 976 502 appellatis.
1008 449 1165 487 barbati.
1225 450 1356 488 Poste-

183 521 300 557 tiores
330 517 504 564 artifices,
535 517 665 568 partim
697 518 913 568 capripedes
944 523 980 554 et
1010 516 1245 568 longioribus
1274 530 1356 555 cor-

183 588 289 625 nibus
320 585 563 638 efflngenteS,
595 585 639 621 ad
671 585 843 636 majorem
875 585 1030 634 aliquam
1063 584 1201 621 Panum
1231 583 1355 620 simili·
1407 612 1413 616 .

182 655 344 693 tudinem
376 667 440 691 eos
472 652 773 689 conformabant:
808 653 873 702 Ep.
896 652 1011 701 Myth.
1044 651 1089 696 ll,
1121 657 1185 690 30.
1244 652 1354 700 Saty-

181 736 264 768 rus,
296 722 441 759 Bacchn
472 721 627 758 educato
659 719 937 763 celeberrimus,
976 719 1106 756 doctus
1135 731 1250 755 senex
1282 719 1353 755 Se·-

182 792 306 828 lenm
337 795 428 833 erat,
459 789 563 838 cujus
594 800 723 823 nomen
748 786 792 823 ad
811 786 958 822 Silenos
981 785 1209 824 haereditate
1233 792 1354 822 trans-

181 858 242 894 iit:
281 856 445 893 Pindaro
477 860 628 891 auctore
659 867 680 890 a
710 853 831 890 Malea
861 853 1037 889 oriundus
1074 858 1174 898 erat,
1212 857 1249 889 et
1279 851 1353 888 Na·

175 925 299 976 jadem
331 923 366 960 in
397 921 627 958 matrimonio
659 921 834 965 habebat3
865 921 962 970 quod
988 919 1049 956 alii
1074 919 1212 964 dicunt,
1243 918 1354 968 Nym-

180 993 285 1043 pham
316 989 482 1033 Meliam,
514 1001 607 1038 quae
637 987 791 1024 Pholum
822 988 869 1032 ei,
902 988 1125 1024 Centaurum
1157 985 1352 1031 Arcadiae,

182 1057 344 1109 peperit3
393 1056 636 1106 Theopompo
675 1061 826 1092 auctore
864 1054 978 1104 (Ael.
1016 1067 1050 1092 v.
1089 1054 1123 1090 h.
1156 1053 1224 1097 lll,
1270 1055 1351 1103 18.)

181 1126 330 1163 Silenus
371 1124 415 1161 ab
456 1123 620 1172 Nympha
666 1123 786 1159 editus
833 1128 925 1158 erat.
1000 1121 1137 1157 Amans
1183 1119 1352 1156 omnibus

180 1205 260 1230 cum
291 1190 508 1243 gregalibus
538 1189 614 1226 suis
645 1187 798 1226 Iacchi
828 1189 904 1226 sive
935 1187 1083 1232 Bacchi,
1115 1186 1250 1223 alumni
1281 1185 1350 1230 sui,

181 1265 306 1311 potum
346 1257 533 1302 furialem,
572 1257 780 1292 hesternam
817 1255 1002 1305 crapulam
1034 1254 1139 1291 simul
1171 1267 1251 1291 cum
1282 1253 1351 1289 ho-

179 1327 330 1364 diernae
376 1324 480 1361 initio
522 1323 557 1360 in
603 1329 710 1359 antro
756 1321 917 1359 silvestri
962 1334 1057 1358 nunc
1103 1320 1348 1358 edormiebat:

179 1405 274 1444 quae
316 1391 464 1440 crapula
509 1395 629 1426 tamen
671 1395 837 1439 potorem
875 1389 967 1425 adeo
1007 1395 1200 1437 expertum
1236 1386 1349 1425 divini

180 1458 322 1498 cerebri
353 1471 422 1494 non
462 1462 554 1501 tam,
595 1457 690 1506 quod
723 1456 892 1492 irrisores
923 1455 956 1492 ei
987 1454 1182 1505 objiciunt,
1227 1461 1348 1492 mente

180 1527 295 1577 cepit,
328 1538 433 1575 quam
463 1525 508 1561 ad
538 1524 710 1560 sublimes
741 1530 871 1560 cantus
902 1522 1106 1559 commovit.
1159 1521 1229 1572 lpsi
1261 1526 1347 1572 poe·

179 1599 260 1639 tae,
292 1592 448 1629 Horatio
474 1591 630 1643 jubente
660 1592 727 1641 Ep.
760 1591 792 1635 Ι,
827 1595 894 1636 19,
934 1604 1025 1627 sana
1056 1595 1176 1626 mente
1207 1589 1241 1626 vi
1272 1588 1347 1626 vini

180 1660 340 1698 exuendi
371 1664 468 1704 sunt,
500 1664 539 1695 ut
570 1658 714 1707 Satyris
745 1663 782 1694 et
812 1657 948 1694 Faunis
978 1656 1054 1694 suis
1086 1656 1250 1693 Bacchus
1280 1668 1346 1692 eos

180 1732 407 1766 annumeret.
500 1727 547 1762 Et
597 1725 836 1776 Epicharmus
891 1730 997 1775 pater
1059 1723 1160 1762 brevi
1210 1722 1345 1760 decidit

181 1791 354 1846 (Athen.
385 1794 483 1838 xiv,
515 1792 591 1844 6.):

312 1864 390 1896 Non
414 1863 651 1904 Dithyrambus
677 1867 739 1903 est,
765 1873 884 1905 aquam
910 1861 937 1894 si
962 1866 995 1894 tu
1022 1860 1121 1893 bibis.

179 1928 398 1966 Hesternam
428 1927 611 1976 crapulam
642 1925 1030 1963 hodieresuscitatam
1061 1923 1195 1968 fuisse,
1227 1922 1343 1960 Sileni

181 2008 312 2033 recens
335 2007 495 2031 cor-(ma
519 1995 637 2030 morlo
665 2006 747 2044 que
765 1994 950 2042 delapsa
970 1998 1005 2029 et
1022 1992 1218 2029 cantharus
1235 1990 1344 2027 etiam

184 2075 280 2100 nunc
305 2075 325 2099 e
349 2074 455 2097 manu
484 2061 646 2111 pendens
671 2060 803 2096 indicio
824 2068 899 2105 est3
932 2073 1012 2096 nam
1035 2059 1068 2095 id
1099 2057 1241 2108 quidem
1271 2056 1343 2094 fer-

183 2129 351 2169 ventibus
376 2141 470 2165 nunc
495 2128 594 2165 horis
617 2127 687 2165 diei
713 2128 907 2180 agebatur,
938 2139 1043 2177 quum
1069 2132 1198 2162 cantus
1217 2124 1344 2162 subse-

183 2210 298 2248 quens
327 2196 501 2246 reliquam
526 2201 664 2233 tantum
689 2203 827 2247 partem
850 2195 921 2232 diei
942 2200 1151 2244 occuparet.
1209 2192 1342 2229 Fortes

184 2270 333 2316 potores
360 2263 519 2302 frontem
556 2277 656 2301 suam
695 2267 826 2301 sertis
855 2276 875 2300 e
905 2261 1096 2299 frondibus
1126 2267 1162 2298 et
1191 2259 1341 2297 floribus
