1472 2620
186 190 245 230 52
506 180 707 219 flcLocA
737 181 797 228 vi,
827 184 881 219 74
894 184 1028 219 -77.

189 296 360 335 DCCXH
391 292 568 345 Virgilius
606 305 714 330 versu
751 291 878 342 quinto
916 296 954 329 et
989 291 1178 330 undecimo
1215 306 1343 331 secun-

189 365 268 402 dam
291 363 457 414 eclogam
479 359 676 398 emendans
696 372 823 398 versus
844 359 923 410 ejus
949 362 1025 398 208
1048 364 1084 397 et
1109 363 1188 398 370
1211 360 1343 398 imitari

190 434 329 482 posset.
393 429 442 465 Et
477 427 663 478 cujusnam
692 427 810 479 magis
837 426 885 473 id,
923 439 1029 477 quam
1071 426 1196 464 Galli
1233 440 1345 477 opera

189 496 298 535 scribi
323 494 496 547 potuerit,
520 494 593 544 qui,
623 494 719 544 quod
739 494 891 532 vidimus
915 508 948 532 v.
979 497 1042 539 64,
1073 506 1170 531 anno
1191 493 1344 532 Dccxl

184 562 332 616 juvenis
363 568 413 601 ‘22
439 562 496 602 vel
527 566 576 600 23
605 574 780 598 annorum
803 574 876 598 una
900 574 977 598 cum
1002 561 1157 599 sedecim
1183 561 1239 599 vel
1264 574 1346 612 sep-

190 630 378 669 temdecim
407 642 524 668 annos
555 634 641 666 nato
672 628 830 666 Messala
861 629 999 667 Romae
1027 629 1192 674 vivebat,
1224 629 1345 669 ettin-

191 699 303 751 genio
332 710 399 735 suo
427 696 546 734 Asinii
570 695 748 733 Pollionis
779 696 971 734 amicitiam
1001 702 1038 734 et
1066 697 1112 734 ad
1141 709 1264 734 senem
1285 696 1346 733 Ci-

191 778 359 805 ceronem
380 764 585 815 propiorem
604 763 739 800 aditum
759 763 908 800 meritus
931 765 1034 801 erat}
1065 764 1162 801 Fieri
1185 777 1256 800 non
1282 776 1345 813 po-

192 834 282 878 tuit,
313 831 398 881 quin
429 831 501 867 duo
531 835 603 867 tam
633 829 772 867 strenui
794 835 831 868 et
852 831 1084 881 eloquentiae
1113 831 1224 868 dediti
1242 831 1347 881 juve-

194 914 270 945 nes,
298 897 485 935 familiaris
501 897 671 934 Ciceroni
692 897 796 943 alter,
823 898 916 935 alter
936 899 1061 936 eodem
1082 899 1203 936 studio
1223 897 1348 934 trium-

193 968 270 1005 viro
300 964 475 1009 Antonio,
506 964 653 1015 capitali
671 964 859 1001 Ciceronis
890 965 1047 1004 inimico.
1078 966 1227 1009 invisus,
1259 963 1347 1001 ami-

194 1033 281 1071 citia
301 1032 370 1070 sibi
395 1031 534 1070 obviam
561 1031 740 1070 venirent.
800 1032 1018 1083 singulares
1045 1032 1221 1083 ejusmodi
1245 1031 1349 1068 fabu-

194 1101 269 1146 las,
303 1098 429 1150 quales
459 1105 563 1136 erant
592 1099 636 1135 de
666 1098 812 1148 Scyllae
842 1099 997 1136 Nisaeae
1032 1100 1274 1136 conversione
1312 1103 1349 1135 et

196 1168 240 1205 de
270 1166 428 1204 nemoris
451 1165 588 1214 Grynei
619 1166 781 1215 origine,
820 1166 940 1216 plures
969 1166 1097 1203 Gallus
1124 1172 1350 1216 exsequutus

195 1247 277 1273 esse
307 1234 432 1279 debet3
472 1232 639 1282 quoniam
671 1233 890 1270 Parthenius
924 1233 956 1269 ei
987 1234 1137 1271 Erotica
1173 1234 1208 1270 in
1245 1245 1350 1270 usum

196 1302 378 1353 epicarum
409 1300 653 1337 narrationum
691 1305 727 1337 et
756 1300 956 1351 elegiarum
1001 1314 1047 1338 ex
1077 1301 1246 1338 instituto
1276 1299 1350 1337 col·

196 1369 300 1421 legit.
358 1369 412 1405 lta
441 1368 579 1405 demum
610 1367 737 1405 Gallus
765 1367 860 1404 Ciris
890 1368 926 1404 in
957 1368 1133 1419 principio
1164 1367 1350 1419 aptissime

199 1437 243 1473 de
272 1448 311 1472 se
341 1435 545 1484 praedicat:
575 1438 697 1471 vario
729 1435 845 1472 adbuc
874 1436 991 1472 laudis
1020 1449 1142 1473 amore
1166 1448 1206 1472 se
1230 1435 1351 1486 jacta-

199 1508 273 1540 tum
295 1514 395 1547 esse,
426 1514 552 1552 nempe
574 1515 680 1551 quum
703 1503 773 1538 arti
797 1503 975 1552 poeticae,
1005 1503 1249 1552 eloquentiae,
1281 1500 1353 1538 arti

201 1568 347 1606 militari
388 1581 534 1619 operam
568 1569 690 1615 daret3
747 1568 921 1618 irritaque
964 1570 1124 1620 praemia
1159 1570 1352 1616 fallacie

200 1637 324 1686 vulgi
354 1648 394 1672 se
422 1640 631 1685 expertum,
660 1636 728 1672 boc
751 1636 893 1685 quidem
918 1637 1109 1687 imprimis,
1139 1650 1245 1686 quum
1268 1649 1354 1673 cau-

204 1717 263 1741 sas
299 1708 423 1740 oraret
461 1701 639 1740 forenses.
706 1702 810 1744 Quae
847 1716 961 1754 pauca
993 1703 1166 1756 Virgilius
1202 1717 1248 1741 ex
1285 1704 1354 1740 boc

203 1770 361 1808 carmine
391 1770 513 1820 petiit,
543 1783 587 1807 ea
615 1769 757 1806 minime
788 1777 1035 1821 paupertatem
1065 1776 1227 1823 arguunt
1260 1770 1355 1808 nati-

204 1850 273 1877 vae
308 1837 527 1874 inventionis
561 1834 664 1887 (vere
702 1850 837 1888 pauper
882 1839 1042 1889 rapinam
1073 1838 1206 1876 factam
1249 1837 1357 1875 facile

205 1903 400 1943 immutans
430 1902 689 1955 occultasset),
731 1905 795 1942 sed
824 1912 968 1957 gratum
999 1906 1167 1943 animum.
1217 1906 1354 1956 Aperte

207 1973 242 2011 id
266 1971 419 2023 eclogae
442 1971 609 2021 produnt,
634 1972 668 2008 in
692 1972 820 2022 quibus
844 1974 1030 2024 depromta
1052 1986 1215 2023 quaeque
1235 1973 1269 2009 in
1295 1985 1352 2009 se·-

207 2039 342 2085 cunda‚
374 2038 500 2083 tertia,
531 2044 680 2088 quarta,
710 2046 836 2086 sexta,
867 2048 996 2079 octava
1025 2046 1062 2078 ct
1091 2040 1249 2084 decima,
1286 2039 1354 2076 ita-

207 2119 278 2156 que
305 2106 341 2143 in
370 2105 502 2142 talibus
523 2106 722 2156 quibusque
744 2107 935 2159 leguntur,
965 2121 1057 2159 quae
1085 2120 1162 2144 cum
1186 2113 1353 2157 respectu

209 2174 266 2212 vel
302 2172 419 2210 Asinii
455 2173 650 2219 Pollionis,
697 2175 793 2212 Galli
832 2177 958 2220 amici,
1005 2175 1060 2213 vel
1107 2174 1219 2224 ipsius
1256 2173 1354 2210 Galli

207 2239 365 2290 scriptae
384 2245 480 2276 suut.
548 2240 622 2278 Nec
645 2242 759 2278 minus
782 2243 898 2293 aperti
918 2244 1073 2279 bonores
1097 2247 1202 2286 suut,
1233 2241 1291 2291 qui
1317 2241 1353 2278 in

206 2307 323 2345 altera
342 2312 447 2358 parte
466 2307 643 2346 habentur
662 2309 781 2359 quarti
803 2310 884 2348 libri
900 2310 1123 2362 Georgicon,
1146 2321 1238 2360 quae
1257 2308 1353 2346 Galli
