1472 2620
174 136 237 175 56
559 126 759 164 ECLOGA
787 126 857 171 vr,
903 128 967 164 61.

177 241 327 293 lydonio
373 238 530 291 insignis
576 237 677 275 facta
713 244 788 283 est,
835 242 872 275 et
908 239 953 276 de
990 237 1221 284 Melanione,
1269 239 1349 290 ejus

180 314 356 348 amatore.
415 306 707 352 Hesperides,
754 319 905 356 quarum
945 305 1094 343 nomina
1130 306 1348 356 Apollonius

182 378 394 426 Hesperen,
440 373 641 423 Erytheida
679 378 716 410 et
745 374 888 425 Aeglen
921 373 1029 419 dicit,
1077 374 1348 419 custodiebant,

182 443 279 494 quod
309 441 492 479 Hesiodus
534 441 641 485 dicit,
687 440 721 477 in
765 441 883 477 insula
914 440 1051 478 Oceani
1081 441 1148 477 sub
1180 441 1350 478 occiden-

182 516 255 547 tem
284 510 398 546 solem
428 509 517 555 sita,
557 508 655 558 quod
685 508 936 557 Pherecydes,
968 508 1003 545 in
1035 508 1159 545 radice
1190 508 1351 545 Atlantis

183 577 403 628 hyperborei
447 574 542 626 (sive
587 575 746 612 Atlantis
793 582 942 626 praeter
987 575 1152 626 spiritum
1193 576 1351 622 Boreae,

184 659 207 683 a
243 645 426 682 montibus
464 643 638 694 Rhipaeis
677 643 866 688 contenti,
905 643 984 693 siti)
1023 642 1058 679 in
1089 644 1205 680 hortis
1236 644 1352 681 Juuo-

183 712 260 759 nis,
301 726 441 750 aurea
469 713 609 756 mala,
650 724 743 761 quae
773 712 869 747 dono
902 711 1054 761 nuptiali
1085 724 1106 748 a
1136 717 1236 749 terra
1267 712 1354 748 data

184 778 344 817 fuerant.
413 779 467 816 Ab
506 778 664 815 Hercule
702 778 737 815 in
779 778 972 815 Graeciam
1011 780 1211 824 translata,
1262 780 1354 816 haec

186 860 344 891 avrea,
374 844 577 893 hesperia
607 845 683 890 vel,
715 846 811 895 quod
841 846 1054 883 Athenaeus
1085 846 1185 892 dicit,
1215 851 1355 884 citrea

182 927 330 963 poma,
361 926 455 964 quae
487 913 653 951 Citrum
684 912 970 958 Amantium,
1002 927 1170 964 orange
1201 928 1268 952 nos
1300 914 1353 951 di-

187 982 301 1019 cimus
339 981 408 1018 Lb.
446 982 498 1028 ll,
550 986 648 1026 126,
695 981 847 1031 primum
878 980 924 1017 ob
955 980 1111 1031 speciem
1144 987 1285 1018 tantum
1318 987 1356 1019 et

189 1048 314 1087 odoris
350 1049 475 1101 gratia
511 1048 556 1085 ad
595 1054 716 1094 serta,
763 1062 907 1085 mensas
945 1049 1127 1085 secundas
1166 1055 1202 1086 et
1233 1056 1357 1086 vestes

189 1117 390 1154 servandas
420 1116 707 1160 adhibebantur,
745 1115 802 1152 vel
834 1115 879 1151 ad
910 1115 1041 1152 veneni
1071 1115 1142 1153 vim
1172 1116 1357 1166 depellen-

189 1184 271 1221 dam
307 1184 565 1228 sumebantur3
613 1182 723 1219 Plinii
762 1188 883 1220 autem
921 1188 1044 1220 aetate
1082 1196 1104 1220 a
1143 1183 1357 1233 quibusdam

190 1256 342 1303 propter
378 1263 548 1303 saporem
589 1249 850 1302 diligebantur.
909 1250 1045 1287 Vetera
1075 1250 1237 1287 carmina
1267 1251 1358 1288 Dio-

189 1318 297 1368 nysia
331 1318 465 1356 Athen.
504 1318 572 1363 ΙΙΙ,
618 1323 656 1356 7.
696 1317 840 1354 Baccho
870 1322 907 1354 et
937 1317 1098 1368 reliquos
1128 1316 1270 1355 fructus
1300 1331 1358 1355 ar-

190 1385 326 1423 boreos
357 1392 394 1422 et
424 1387 514 1422 haec
545 1397 650 1435 poma
682 1384 830 1422 iuventa
861 1385 1094 1422 tribuebant:
1126 1386 1359 1435 quamobrem

193 1453 359 1503 Orpheus
389 1454 456 1499 fr.
488 1452 603 1488 xl'u.
635 1452 732 1488 iuter
762 1452 896 1489 Bacchi
929 1453 1103 1502 mysteria
1133 1466 1239 1503 poma
1269 1466 1359 1503 quo-

192 1532 264 1570 que
294 1519 532 1570 Hesperidum
563 1533 778 1557 canorarunl
809 1533 922 1557 aurea
951 1520 1079 1565 refert,
1111 1527 1146 1557 et
1177 1520 1361 1558 Theocri-

193 1591 253 1625 tus
283 1600 327 1624 ea
357 1587 402 1633 ΙΙ,
437 1592 527 1625 120.
558 1587 691 1624 Bacchi
723 1601 828 1637 poma
859 1588 958 1625 dicit.
1017 1588 1071 1625 Ad
1104 1601 1209 1638 quem
1240 1589 1360 1625 locum

194 1653 411 1692 scholiastes
454 1653 585 1700 tradit,
640 1654 836 1699 Venerem,
886 1667 979 1704 quae
1025 1655 1194 1692 arborem
1234 1655 1359 1706 Cypri,

194 1721 323 1759 0vidi0
367 1727 519 1759 auctore
564 1721 668 1759 Met.
715 1721 770 1766 X,
824 1726 930 1767 647,
976 1721 1095 1759 fulvas
1134 1721 1284 1760 frondes
1323 1728 1361 1760 et

194 1801 328 1826 aureos
358 1787 500 1825 fructus
530 1787 708 1826 serentem
739 1789 907 1835 habebat,
940 1789 1170 1840 Hippomeni,
1203 1797 1241 1827 ut
1271 1791 1360 1828 Ata-

193 1856 330 1893 lantam
368 1856 550 1901 vinceret,
598 1856 732 1893 Bacchi
770 1871 875 1907 poma
913 1871 933 1894 e
971 1870 1110 1895 corona
1147 1871 1214 1895 sua
1245 1858 1360 1895 dona-

195 1923 310 1969 visse,
355 1929 391 1960 et
426 1923 521 1960 hunc.
558 1937 721 1968 versum,
766 1924 823 1961 cui
863 1925 1105 1963 Casaubonus
1135 1925 1359 1970 medebatur,

196 1991 363 2028 Philetae
389 1991 469 2035 Coi,
501 1995 632 2041 poetae
656 1991 811 2043 elegiaci
833 1993 1034 2030 Alexandri
1064 1999 1197 2038 aetate,
1229 1991 1357 2030 affert:

284 2068 376 2101 Mala
399 2066 541 2109 tulitque
566 2067 658 2108 sinu,
685 2079 770 2111 quae
795 2069 915 2102 Bacchi
943 2080 1079 2103 munere
1104 2068 1225 2111 Cypris

395 2123 572 2158 Quondam
597 2130 733 2167 accepta
757 2123 867 2167 dedit,
893 2132 1042 2169 tempora
1066 2124 1269 2167 despolians.

199 2191 260 2245 [cf.
279 2193 293 2230 Ι
312 2208 347 2244 p.
379 2191 459 2246 69.}
528 2193 645 2236 Tum,
679 2202 766 2231 tum
796 2209 830 2233 v.
862 2199 926 2234 62.
957 2203 1045 2232 tum
1076 2208 1108 2232 v.
1141 2198 1205 2232 64.
1264 2193 1360 2231 Poe-

196 2267 256 2299 tae
294 2262 338 2299 ad
381 2262 690 2299 enumerationem
726 2263 818 2300 idem
859 2260 894 2299 in
934 2261 1112 2313 principio
1142 2260 1356 2300 vocabulum
