1515 2620
140 141 231 182 ¹64
494 132 701 170 ECLOGA
732 131 800 177 1X,
831 135 956 170 2-6.

140 248 303 300 Virgilio
341 244 526 284 sermonis
564 248 643 289 est,
682 256 752 281 sua
790 247 937 291 ipsius
969 243 1151 293 pervertit
1181 257 1331 294 perver-

141 315 267 352 sitate.
328 313 454 349 Haec
490 324 585 348 mea
623 315 756 347 sunt!
799 310 960 347 formula
998 315 1079 347 erat
1116 311 1331 360 occupatio-

142 382 200 418 nis
237 379 418 430 legitima.
481 378 672 415 Colomzs
709 377 884 415 universe
915 378 984 414 lnoc
1014 377 1099 414 loco
1131 390 1197 426 pro
1229 378 1331 428 agri-

142 447 245 491 cola,
276 458 298 482 a
328 445 501 482 colere:
535 445 839 494 quemadmodum
873 444 928 483 vir
960 445 1098 489 bonus,
1131 449 1229 481 teste
1261 444 1332 480 Ca-

142 518 231 549 tone
264 514 317 549 (le
347 526 396 549 re
428 520 537 549 rust.
565 513 738 559 praefi,
770 526 792 549 a
823 512 958 562 priscis
990 510 1190 558 Romanis,
1222 524 1331 561 quum

141 580 250 618 valde
287 579 524 625 laudaretur,
569 580 687 615 bonus
726 579 909 630 agricola,
940 580 1145 624 colonus,
1185 578 1334 615 diceba-

142 652 214 684 tur.
284 647 455 686 Vetere-3·
503 648 672 683 coloni:
723 653 830 696 pater
873 660 953 682 cum
997 646 1104 691 fifiis3
1157 644 1333 683 familiam

143 714 239 752 enim
280 726 362 751 cum
401 714 499 750 omni
539 714 786 750 instrumento
825 714 929 750 miles
961 713 1155 750 obtinebat
1185 713 1332 749 irruens

143 782 171 826 Ι,
209 787 271 818 11.
331 782 497 817 Auctore
528 781 680 817 Donato
712 784 786 817 vil.
829 781 948 830 Virg.
982 785 1032 818 25
1058 780 1238 832 Virgilius
1269 793 1333 816 ua-

143 853 181 884 tu
230 848 306 899 jam
359 852 441 884 erat
486 847 689 898 grandior,
753 860 861 897 quum
911 853 1086 898 parentes
1131 847 1331 891 amitteret,

143 915 275 965 quibus
312 914 431 966 largis
462 913 497 951 in
529 914 702 966 singulos
734 928 853 951 annos
884 915 1061 951 subsidiis
1092 915 1331 953 subvenerat.

143 983 192 1019 Et
222 995 271 1020 ex
302 982 446 1019 decimo
479 982 758 1019 Catalcctorum
790 982 968 1027 carmine,
1000 982 1097 1031 quod
1129 995 1243 1033 supra
1271 982 1331 1026 ΙἸ,

145 1054 193 1086 31
228 1049 479 1094 laudavimus,
524 1048 742 1100 Virgilium,
781 1055 955 1099 apparet,
996 1048 1093 1085 inter
1124 1049 1331 1094 tumultum,

142 1115 204 1166 qui
246 1117 292 1154 de
333 1115 438 1167 agris
469 1116 681 1153 dividundis
712 1120 814 1160 erat,
858 1129 939 1153 cum
971 1115 1072 1162 suis,
1111 1115 1209 1152 inter
1239 1128 1333 1166 quos

142 1188 250 1234 pater
301 1195 448 1233 quoque
493 1182 610 1233 ipsius
655 1182 857 1227 intererat,
903 1182 1063 1232 Syronis
1108 1183 1332 1234 philosophi,

142 1251 203 1300 qui
228 1252 405 1302 juvenem
436 1250 666 1296 instituerat,
699 1251 735 1287 in
756 1250 877 1288 villam
898 1250 992 1287 citra
1011 1250 1166 1287 Romam
1199 1248 1330 1301 (Pbo-

141 1330 221 1355 cae
257 1321 351 1355 vila
401 1317 586 1368 Virgilii
626 1331 662 1356 v.
704 1316 792 1369 63.)
832 1316 1066 1369 confugisse.
1145 1318 1202 1356 De
1229 1320 1332 1365 for-

141 1392 253 1422 mma
282 1385 463 1434 queritur,
496 1399 569 1422 non
602 1386 647 1423 de
680 1386 917 1436 potentibus:
951 1384 998 1423 cf.
1033 1386 1075 1429 V,
1109 1391 1174 1425 20.
1219 1384 1333 1423 Fors

143 1451 222 1489 sive
262 1451 467 1488 Fortuna
497 1452 632 1497 Fors,
677 1453 748 1489 dea
779 1467 974 1491 caecorum
1007 1466 1180 1499 casuum,
1226 1454 1333 1492 ovid.

132 1520 250 1565 fasc.
285 1518 355 1564 vl,
400 1523 496 1557 773.
558 1520 651 1555 Fors
682 1525 828 1565 versat,
871 1520 973 1571 regit
1004 1521 1147 1557 onmia:
1180 1534 1333 1570 prover-

141 1585 203 1622 bio
243 1585 437 1622 dicebatur
475 1586 629 1622 Sallust.
670 1587 761 1637 Jug.
801 1592 867 1624 47.
908 1588 1012 1623 Tres
1051 1586 1164 1625 Hal'n.
1196 1587 1251 1624 A.
1287 1588 1333 1625 C.

142 1653 202 1689 J).
251 1665 349 1688 sors
396 1652 535 1689 habent
572 1653 756 1690 mendum.
829 1653 906 1690 Pro
945 1667 1033 1690 nou
1073 1660 1221 1692 veteres
1260 1668 1334 1692 non

142 1724 287 1757 tantum
319 1719 493 1756 dicebant
523 1734 590 1765 ue,
622 1721 701 1765 sed,
735 1720 855 1772 magis
887 1720 997 1758 etiam
1027 1722 1193 1772 aspirato
1227 1720 1336 1774 (qua-

142 1787 193 1824 lia
219 1799 316 1834 pro,
345 1786 489 1834 proh!
513 1787 794 1840 proximus),
828 1801 929 1826 nec:
963 1789 1061 1838 quod
1094 1789 1241 1834 Festus,
1274 1789 1336 1826 Ci-

143 1867 230 1892 cero
264 1855 352 1904 leg.
388 1855 457 1900 ΙΙΙ,
489 1868 522 1892 c.
542 1859 565 1892 4
586 1858 612 1904 ς’
638 1862 686 1894 10
717 1862 754 1892 et
781 1856 896 1894 verba
926 1860 1163 1906 negotium,
1194 1858 1337 1905 negli-

139 1934 264 1972 gens,
295 1935 373 1959 nee
397 1925 605 1969 opinatus
635 1928 673 1960 et
697 1925 877 1960 necdum
896 1937 928 1961 v.
943 1928 994 1962 26
1014 1924 1185 1974 probant.
1232 1924 1334 1961 lstud

142 2003 219 2028 nec
260 1996 337 2027 tres
378 1988 488 2026 Hafn.
528 1990 666 2027 habent
697 1990 755 2028 B.
792 1991 837 2029 C.
871 1991 956 2035 D.;
1002 1998 1038 2028 et
1073 1992 1110 2029 C
1135 2005 1216 2029 cum
1247 1991 1330 2028 aliis

141 2058 359 2106 quibusdam
418 2057 542 2103 libris,
602 2058 744 2095 rariore
799 2059 993 2096 verborum
1046 2058 1332 2108 compositione,

142 2134 285 2162 vertat
316 2125 438 2170 bene,
477 2126 575 2175 quod
609 2126 643 2162 in
677 2126 867 2163 Terentio
899 2131 957 2163 est
987 2124 1175 2173 Adelph.
1210 2126 1260 2171 ll,
1297 2132 1331 2171 1,

143 2197 207 2229 37.
267 2190 438 2229 Plan-m.
487 2193 555 2237 lv,
602 2200 647 2239 3,
696 2198 768 2239 73,
814 2198 851 2230 et
890 2194 996 2244 cujus
1034 2193 1165 2230 melius
1198 2194 1255 2231 hic
1285 2193 1333 2230 ad

142 2271 254 2296 aures
302 2272 477 2296 numerus
517 2260 668 2300 accidit.
749 2261 805 2298 01»
846 2261 1091 2300 vetustiorem
1134 2261 1332 2300 verborum
