1515 2620
456 180 662 219 ECLOGA
694 181 791 227 Vm,
823 186 1002 223 14—16.
1233 191 1318 231 115

127 301 207 326 eam
237 287 270 326 si
301 289 495 340 praebent,
528 292 679 329 omnino
710 292 962 333 anteferenda
992 299 1051 334 est
1079 309 1114 335 v.
1143 295 1314 336 Broukh.

82 375 87 378 -
125 355 217 394 Tib.
250 357 303 402 ΙΙ,
336 360 381 403 5,
413 363 480 400 63.

239 428 435 464 14—-16,
495 424 701 465 Exordium
718 427 894 465 carminis
912 429 1180 468 committendi.
1230 430 1314 468 Vir-

123 490 240 542 gilius
278 491 461 538 reticens,
500 492 623 529 animo
655 493 833 544 quidquid
862 495 1028 534 intentus
1059 497 1191 548 aliquis
1221 498 1313 550 adji-

122 557 217 602 ciet,
256 559 294 595 in
325 559 544 597 brevitatem
575 559 681 612 cogit
712 561 846 599 onmia.
905 562 982 600 Per
1012 569 1193 602 aestatem
1225 569 1311 616 post

121 625 310 677 Vergilias
341 631 496 664 exortas
527 626 562 664 in
594 627 764 664 herbosis
794 629 953 666 saltuum
985 629 1216 668 anfractibus
1247 645 1310 682 pe-

121 704 187 729 cus
217 693 403 742 pascitur,
438 694 628 731 chortibus
658 694 707 731 ibi
738 695 891 733 aestivis
922 701 1149 745 pernoctans
1181 699 1209 741 Ι,
1242 703 1308 736 79.

118 758 228 796 Nunc
258 759 355 796 roris
386 760 556 797 matutini
588 760 623 797 in
656 760 802 812 frigore
833 775 915 798 cum
946 761 1065 800 bobus
1092 763 1238 801 Damon
1270 769 1310 801 et

118 826 394 877 Alphesiboeus
424 828 460 864 in
493 829 663 866 convalle
692 828 804 865 Pindi
835 829 1052 866 Thessalici
1084 834 1192 868 2—4
1223 830 1307 867 irri-

117 907 196 945 gua
226 894 372 932 obviam
403 895 473 932 sibi
504 894 611 933 fiunt.
672 897 870 933 Certamen
902 896 1055 933 amicum
1084 897 1307 947 proponitur

118 965 157 998 et
184 960 331 999 Damon
362 961 519 998 orditur.
580 962 679 999 ldem
717 968 862 1012 tempus
891 967 1005 1012 poeta
1034 963 1106 1000 Lb.
1127 964 1191 1009 ΙΙΙ,
1224 968 1305 1003 324

116 1028 164 1066 ud
194 1041 329 1080 capras
359 1041 525 1079 ovesque
555 1034 701 1080 pastum
731 1030 903 1081 agendas
934 1030 1124 1067 destinat:

250 1115 403 1149 Luciferi
427 1115 538 1160 primo
563 1127 639 1149 cum
665 1116 778 1151 sidere
802 1117 928 1159 frigida
951 1129 1031 1151 rura

250 1171 461 1215 carpamus,
485 1173 565 1205 dum
591 1183 691 1206 mane
715 1184 854 1213 novum,
881 1174 961 1206 dum
986 1173 1142 1215 gramina
1166 1178 1302 1217 canent,

249 1227 296 1260 Et
318 1239 377 1261 ros
399 1228 435 1262 in
459 1232 578 1262 tenera
602 1229 717 1272 pecori
742 1229 956 1271 gratissimus
981 1229 1098 1262 herba.

113 1296 156 1335 ln
192 1302 356 1347 quatuor
393 1296 663 1334 Hafniensibus
701 1305 771 1335 est
804 1303 890 1348 post
925 1296 1061 1337 herba
1100 1312 1175 1336 non
1205 1298 1302 1351 legi-

114 1367 197 1400 tur:
243 1363 278 1400 in
310 1363 353 1401 A
383 1377 405 1401 a
434 1364 578 1402 seriore
609 1377 718 1402 manu
750 1365 914 1402 additum
947 1371 1017 1403 est.
1079 1366 1158 1402 Ros
1191 1378 1301 1415 quum

112 1430 236 1468 cubile
272 1431 465 1481 permittat
503 1433 662 1478 nullum,
709 1432 855 1469 Damon
895 1437 972 1468 stat
999 1433 1110 1480 pedo
1144 1431 1197 1476 V,
1247 1436 1300 1471 88

111 1496 276 1543 innisus,
322 1498 420 1547 quod
458 1512 572 1549 saepe
610 1503 693 1536 erat
729 1511 778 1535 ex
809 1497 903 1534 duro
934 1497 1040 1549 ligno
1073 1499 1296 1549 oleagino,

111 1569 150 1602 et
192 1564 284 1602 tibia
319 1578 353 1603 v.
394 1570 441 1604 21
485 1565 587 1603 canit
623 1570 712 1603 ante
753 1564 929 1602 carminis
960 1565 1152 1615 quodlibet
1183 1565 1299 1602 inter-

110 1631 258 1670 vallum.
318 1632 376 1669 lta
417 1633 610 1685 caprarius
647 1632 719 1670 iste
757 1631 968 1669 Thebanus
1010 1632 1104 1670 Cul.
1148 1636 1202 1670 97
1240 1632 1299 1670 vel

109 1699 178 1736 sub
207 1699 416 1737 meridiem:

245 1775 391 1809 Talibus
415 1776 448 1809 in
473 1776 595 1809 studiis
620 1777 741 1809 baculo
767 1777 846 1808 dum
874 1775 972 1808 nixus
999 1775 1131 1818 apricas

245 1832 368 1865 Pastor
392 1832 464 1873 agit
488 1844 608 1873 curas,
634 1836 667 1864 et
692 1832 771 1863 dum
799 1843 866 1863 non
892 1837 965 1864 arte
990 1841 1116 1863 canora

245 1886 433 1928 Compacta
458 1887 595 1918 solitum
623 1886 814 1918 modulatur
839 1886 1006 1918 arundine
1030 1895 1180 1918 carmen.

107 1966 369 2006 [recumbens
401 1968 545 2004 olivae
574 1966 636 2005 vix
669 1979 753 2002 esse
783 1970 927 2016 potest,
959 1968 1022 2003 all
1049 1968 1189 2003 oleam
1218 1979 1293 2002 ar-

107 2034 253 2071 borem
283 2035 550 2078 reclinatus,
592 2033 767 2083 imprimis
799 2046 879 2069 cum
910 2036 1066 2077 tereti,
1101 2032 1198 2081 quod
1229 2031 1294 2067 ad-

108 2100 349 2138 ditamentum
392 2102 437 2136 ad
469 2100 670 2149 scipionem
702 2099 865 2136 deducit.
927 2098 1186 2135 Incumbeus
1218 2097 1293 2134 ba-

107 2168 221 2212 culo,
254 2180 378 2217 quem
409 2164 577 2204 dea-tra
608 2166 804 2215 gerebat,
835 2165 989 2203 Ovidius
1010 2167 1126 2211 fitst.
1151 2165 1178 2209 l,
1214 2169 1294 2202 177

109 2233 218 2279 dicit3
248 2239 288 2270 et
318 2235 436 2270 oliva
466 2247 533 2284 pro
564 2233 731 2282 scipione
762 2232 940 2283 oleagino
972 2233 1078 2268 Met.
1111 2231 1157 2275 ll,
1189 2235 1268 2269 681

110 2312 305 2351 onusque
331 2302 433 2346 fuit
470 2302 662 2337 darnae
698 2300 921 2338 silvestria
953 2300 1095 2336 oliva:
1128 2295 1189 2332 ubi
1219 2296 1293 2334 ba-

1100 2358 1124 2390 8
