1515 2620
191 152 282 194 146
514 141 719 181 ECLOGA
750 140 846 186 vm,
877 135 1058 179 85—89.

191 259 246 298 lbi
275 259 403 297 laurus
432 254 628 291 admodum
659 250 810 302 proprie
840 250 877 288 in
902 249 1086 301 Delphide
1115 249 1247 296 uritur,
1278 250 1386 302 cujus

193 326 343 376 effigies
374 334 507 366 cerea,
540 320 575 357 in
607 318 762 356 flammis
793 323 882 354 ante
913 317 1098 367 deposita,
1131 316 1299 367 proximo
1331 318 1386 355 iu·

194 394 271 431 ciso
310 388 470 440 liquefit:
518 387 577 424 hic
615 401 689 423 nou
722 386 841 423 minus
874 384 1023 435 proprie
1055 384 1090 420 in
1123 390 1282 433 utraque
1312 384 1386 421 Da-

195 458 340 510 phnidis
385 454 530 507 effigie.
589 453 822 503 Fragilis,
871 465 894 489 a
926 453 1105 501 frango
1151 463 1198 488 ex
1226 452 1388 507 fraga,

195 524 334 564 veteris
372 519 480 575 ῥῇγω
521 522 763 572 eloquutione
801 520 976 563 Aeolica,
1019 524 1208 556 sarmenta
1244 518 1304 555 hic
1335 523 1390 556 te-

195 593 330 631 nuiora
360 591 558 642 designat,
591 602 686 639 quae
717 587 969 638 eligebantur,
1001 592 1043 622 ut
1073 585 1297 635 crepitantia
1328 597 1390 624 ve-

194 659 329 698 lociter
359 658 581 710 flagrarent.
643 656 799 692 Frustra
828 653 1035 691 Turnebus
1066 659 1192 702 optat,
1225 659 1264 690 ut
1282 653 1390 699 fra-

195 728 308 777 gilis
348 739 413 775 per
450 738 491 761 se
529 724 666 774 ipsum,
711 721 1016 771 quemadmodum
1046 722 1220 770 fragor
1250 732 1392 771 cogna-

196 800 292 837 tum,
331 791 509 841 crepitum
548 789 726 826 declaret.
788 787 957 825 Lucretii
987 789 1189 837 fragilis
1220 791 1393 825 sonitus

199 861 265 906 Vl,
302 865 399 904 111,
431 857 630 908 strepitus,
662 854 782 905 qualis
813 868 921 905 quum
953 854 1047 892 aridi
1077 855 1216 905 aliquid
1247 852 1393 905 frangi·

198 933 279 972 tur,
326 939 400 963 non
440 924 561 976 magis
599 923 636 960 id
677 923 831 972 probat,
875 935 983 972 quam
1022 921 1054 958 si
1093 923 1175 972 quis
1217 924 1390 966 aridae,

197 999 351 1044 propter
383 991 629 1044 Virgilianum
660 991 819 1027 aridus
840 992 1009 1039 fragor
1040 988 1109 1026 Lb.
1143 989 1169 1034 l,
1202 994 1296 1033 357,
1330 1000 1394 1038 per

198 1074 239 1099 se
270 1060 389 1111 ipsum
419 1062 653 1107 strepitum
685 1058 816 1094 edens
844 1056 1084 1105 interpretari
1109 1056 1209 1092 velit.
1269 1055 1394 1093 Lau-

198 1140 289 1172 rus,
323 1126 443 1163 forma
474 1125 700 1177 elegantior,
733 1137 781 1161 ex
812 1124 906 1160 libro
938 1123 1123 1160 Mediceo.
1184 1121 1398 1160 Bitmnen

199 1195 280 1232 sive
311 1191 562 1241 Asphalcots
596 1192 664 1229 Lb.
697 1191 766 1235 ΙΙΙ,
812 1195 888 1229 451
923 1190 969 1226 ad
1002 1187 1181 1226 flammam
1213 1189 1397 1241 magicam

200 1262 411 1313 augendam
447 1273 469 1297 a
508 1259 667 1296 Canidia
705 1271 852 1308 quoque
892 1257 1038 1293 Horatii
1077 1257 1196 1307 Epod.
1236 1257 1287 1302 V,
1330 1261 1396 1301 82,

201 1335 240 1366 et
277 1342 300 1365 a
338 1328 573 1377 Melampode
612 1326 710 1376 apud
750 1326 934 1375 Diphilum
978 1325 1109 1363 Clem.
1150 1332 1232 1363 εἰν.
1265 1325 1328 1361 vn
1363 1338 1398 1374 p.

203 1401 282 1434 713
331 1395 376 1431 ad
423 1394 638 1431 lustrandas
688 1394 889 1430 Proetidas
932 1393 1189 1430 adhibebatur.
1250 1391 1323 1429 Atii
1364 1391 1400 1427 iu

204 1461 282 1499 uiri
329 1474 364 1498 v.
405 1465 486 1498 369
527 1468 564 1497 et
601 1462 700 1509 apud
738 1461 1000 1497 Nemesianum
1040 1460 1107 1504 n',
1155 1464 1207 1500 65
1249 1459 1403 1508 sulphur

203 1527 467 1565 anteferebant
496 1540 656 1564 sacrum.

321 1598 515 1632 85—89.
575 1593 718 1643 Magici
763 1593 925 1629 incendii
963 1593 1102 1628 utinam
1142 1592 1200 1629 hic
1245 1597 1401 1630 eventus

209 1661 270 1707 sit,
302 1666 344 1697 ut
374 1659 544 1710 Daphnis
575 1659 676 1696 furat
707 1672 846 1704 amore,
879 1659 924 1696 de
955 1672 1028 1708 quo
1059 1659 1233 1696 leniendo
1263 1658 1406 1696 frustra

212 1741 268 1765 me
316 1727 544 1778 precabitur!
585 1748 638 1755 —
678 1726 878 1763 Theocriti
918 1727 1215 1776 pharmaceutria
1252 1727 1302 1771 ΙΙ,
1351 1731 1404 1766 48

209 1795 398 1836 libidinem
429 1808 607 1844 equarum
637 1795 685 1831 ad
715 1794 1030 1844 comparationem
1062 1794 1202 1845 elegit:

305 1882 556 1925 Hippomanem
583 1881 699 1914 ‹licnnt
724 1881 813 1924 apud
838 1881 1009 1920 Arcadas3
1045 1886 1095 1913 est
1121 1891 1160 1913 ea
1188 1881 1314 1923 planta,

305 1939 382 1973 Qua
406 1949 509 1980 super
533 1943 566 1970 et
593 1938 693 1980 pulli,
729 1939 858 1971 celeres
883 1937 1052 1970 furiantur
1075 1948 1270 1980 equaeque:

306 1994 365 2027 Sic
388 1994 536 2036 Delphin
564 1994 696 2027 videam
722 1994 902 2036 st‘ulioque
927 1995 1073 2036 oleoque
1097 1994 1216 2027 relicto

307 2050 380 2082 Has
405 2060 517 2083 meum
542 2049 636 2082 adire
660 2049 770 2089 fores3
797 2055 888 2082 totus
912 2048 1001 2082 furat
1026 2050 1082 2082 ille
1108 2055 1140 2082 et
1164 2059 1290 2081 amore.

219 2129 400 2168 Horatius
430 2142 532 2167 suam
564 2129 757 2166 Canidiam
790 2129 909 2180 Epod.
948 2129 1001 2174 V,
1048 2135 1096 2168 81
1133 2128 1234 2166 diras
1273 2128 1405 2178 impre-

219 2203 364 2236 cantem
405 2196 512 2241 sacit,
557 2201 599 2234 ut
636 2196 688 2234 ita
718 2197 834 2248 ipsius
865 2209 991 2234 amore
1021 2196 1151 2234 durum
1181 2202 1312 2247 pectus
1344 2194 1408 2233 fln-

221 2272 330 2315 gret,
378 2264 541 2302 bitumen
583 2265 768 2314 quomodo
807 2271 890 2302 atro
929 2265 1077 2302 ardore.
1140 2265 1179 2301 ln
1218 2275 1408 2314 compara-
