1515 2620
206 191 293 232 {18
518 181 725 221 nenoGA
756 181 854 227 vin,
887 184 1068 220 22—24.

294 295 430 328 Fistula
453 301 559 325 suave
582 294 696 331 sonat,
720 289 880 323 modulor
903 289 1039 332 quoties
1063 298 1130 330 ego
1153 298 1306 333 oermen,

297 348 424 389 Tibia,
449 347 522 381 sive
547 346 629 380 inflo
654 352 783 379 rectam
807 356 867 379 seu
893 355 1055 386 curvam,
1083 348 1117 377 et
1141 345 1286 378 arundo.

205 431 366 468 Praeter
412 427 574 465 fistulam
618 427 745 465 tibiam
791 438 940 477 quoque
988 425 1019 461 is
1067 423 1175 463 novit
1222 421 1398 477 (αὐλός),

206 496 427 535 arundinem
472 491 665 546 (ὸώιάξ),
711 494 822 532 etiam
864 506 1014 530 curvam
1055 492 1208 544 majoris
1249 491 1400 532 artificii

206 563 335 601 tibiam
368 561 674 614 (πλαγιίιυλος),
707 575 823 599 cornu
855 574 970 597 curvo
1001 560 1272 606 continuatam,
1304 573 1400 611 quoe

205 631 242 668 in
280 633 398 668 sacris
431 631 559 668 matris
590 629 782 682 Phrygiae
814 627 1024 666 inflabatur.
1084 627 1125 664 ln
1157 633 1269 665 sexto
1301 629 1400 680 ejus-

206 697 286 735 dem
319 698 446 748 idyllio
478 698 658 748 principia
690 695 993 734 contendentium
1025 694 1122 731 alter
1152 695 1263 740 tibia,
1301 696 1399 733 alter

205 763 332 802 fistula
369 765 482 803 caniit.
542 765 702 816 Longus
743 776 891 814 quoque
924 763 935 798 Ι
968 776 1003 812 p.
1036 766 1060 800 6
1092 761 1127 799 in
1161 762 1302 799 Lesbio
1334 776 1399 800 an-

205 837 265 869 tro
306 833 554 882 Nympharum
595 832 704 868 tibias
743 829 1007 867 animadvertit
1045 835 1083 866 et
1122 829 1234 866 tibias
1264 843 1399 868 curvas

206 904 244 937 et
303 898 449 936 fistulas
499 904 538 936 et
589 898 791 936 arundines
848 894 1084 948 (adingam),
1138 910 1160 934 a
1209 898 1398 935 veteribus

204 967 419 1017 pastoribus
462 966 618 1004 dicatas.
679 966 734 1002 Ab
767 965 874 1002 initio
907 964 1021 1001 tibiae
1052 963 1238 1014 simplices
1269 965 1398 1016 paucis

204 1032 450 1071 foraminibus
494 1033 634 1070 fiebant
674 1046 720 1070 ex
761 1031 1009 1069 Orchomenia
1048 1032 1251 1077 arundine,
1302 1046 1398 1083 quae

203 1100 291 1138 inde
323 1099 517 1151 amamur)
550 1102 629 1139 sive
660 1101 706 1137 ad
738 1100 849 1136 tibias
881 1099 1016 1135 idonea
1044 1099 1314 1148 appellabatur,
1345 1106 1396 1146 et,

204 1168 473 1219 Theophrasto
506 1169 704 1218 l'linioque
734 1166 1019 1216 auctoribus‘fll,
1053 1165 1088 1201 in
1121 1166 1203 1203 lacu
1229 1167 1397 1217 Copaide

205 1240 244 1273 et
282 1236 463 1287 Cephisso
494 1236 677 1279 intrante,
723 1233 966 1271 inundatione
1006 1232 1163 1283 plurium
1201 1247 1395 1281 annorum,

205 1303 253 1341 ad
284 1303 466 1341 insuetam
498 1303 775 1353 amplitudinem
808 1313 1042 1345 accrescenS,
1076 1300 1281 1352 diiigenter
1309 1315 1394 1340 cae-

206 1371 363 1408 debatur
404 1378 441 1409 et
472 1371 735 1422 apparabatur.
798 1368 987 1420 Ejusmodi
1019 1368 1226 1405 arundinea
1259 1370 1396 1408 nullius

205 1437 355 1474 artificii
393 1439 483 1475 haec
524 1446 605 1475 erut
645 1438 733 1474 libia
772 1451 806 1474 v.
848 1441 919 1478 24,
968 1449 1074 1485 qnam
1114 1442 1242 1485 pastor
1284 1437 1396 1474 Pindi

205 1505 343 1542 montis
383 1504 484 1542 facili
524 1505 679 1556 negotio
719 1516 766 1540 ex
807 1503 966 1540 Boeotia
1006 1501 1162 1540 finitima
1194 1503 1395 1554 impetrare

205 1577 395 1623 potuerat.

320 1644 370 1677 22
392 1661 443 1666 —
466 1643 531 1676 24.
595 1637 734 1673 Versus
765 1649 831 1673 cur
861 1637 1094 1673 Maenalios!
1137 1638 1323 1678 Quoniam
1354 1639 1391 1676 in

203 1706 378 1743 Maenalo
419 1711 544 1742 monte
582 1703 720 1742 eximio
758 1709 870 1741 cantu
910 1710 947 1741 et
985 1710 1175 1753 pastorum
1206 1712 1393 1743 amantum

206 1777 244 1810 et
285 1773 400 1823 ipsius
438 1772 575 1817 Panis,
628 1771 689 1821 qui
727 1770 865 1821 primus
906 1784 952 1807 ex
996 1770 1148 1808 calamis
1186 1781 1392 1811 concentus

205 1840 402 1886 eliciebat,
447 1840 564 1878 silvae
602 1852 748 1889 semper
787 1844 1008 1876 consonant.
1043 1860 1092 1867 —
1127 1838 1392 1878 consideratio

202 1909 306 1953 haec,
339 1920 467 1958 parum
499 1907 534 1944 iu
569 1920 634 1943 ore
666 1919 755 1944 vere
787 1906 1023 1956 desperantis
1055 1906 1281 1953 verisimilis,
1315 1922 1390 1946 non

203 1975 347 2021 minus,
391 1988 497 2025 quain
530 1974 628 2010 modi
660 1974 719 2010 isti
755 1974 1000 2011 intercalares
1032 1979 1187 2024 totaque
1217 1975 1390 2013 carminis

202 2042 471 2087 conformatio,
512 2040 667 2079 artificis
707 2040 906 2078 imitatoris
936 2046 1007 2078 est.
1068 2041 1293 2091 Argntmn
1325 2055 1389 2080 ne-

201 2123 282 2147 mus
313 2115 350 2147 et
381 2109 489 2160 pinus
520 2110 746 2160 loquentes
785 2109 932 2146 minime
964 2109 1021 2146 hic
1051 2109 1097 2146 de
1127 2109 1226 2147 venti
1259 2123 1388 2147 susur-

202 2177 276 2222 ris;
316 2178 401 2223 sed,
447 2177 544 2228 quod
585 2176 730 2215 vicinae
768 2176 981 2214 sententiae
1017 2175 1232 2226 requirunt,
1276 2183 1388 2215 cantu

291 2324 325 2355 'l
377 2320 549 2363 Theophr.
578 2320 608 2351 h.
638 2322 680 2362 pl.
711 2320 773 2357 lv,
806 2321 855 2352 ll.
885 2320 972 2353 plin.
1003 2320 1097 2360 XVl,
1123 2321 1179 2355 66.
