1515 2620
247 164 454 231 ECLOGA
474 192 570 230 vul.
592 191 901 230 ARGUMENTI
917 190 1197 228 NARRATlo.
1232 196 1319 235 105

133 303 289 350 amicus,
320 306 434 343 etiam
466 309 540 341 tum
573 304 770 356 Tragicae
800 305 933 341 Musae
963 303 1000 340 in
1032 315 1159 340 amore
1189 306 1228 339 et
1258 302 1320 339 ‹le-

131 371 230 410 liciis
260 372 334 418 ΙΙΙ,
366 378 433 418 86,
466 384 638 420 annoque
670 371 842 408 DCCXV
873 370 1135 408 Parthinorum
1166 369 1202 406 in
1234 369 1320 420 luy-

133 438 191 476 ria
228 439 362 478 victor.
422 438 502 475 Hoc
532 442 698 476 veterum
731 435 914 475 meliores
935 438 1071 488 quique
1102 437 1197 488 apud
1231 438 1319 475 Ser-

132 507 231 546 vium
263 511 302 544 et
332 505 610 556 Phiiargyrium
643 518 677 541 v.
714 510 764 542 10
796 509 833 541 et
863 509 911 542 12
937 510 1161 550 statuerunt,
1193 518 1319 555 quam·

132 574 190 612 vis
236 573 300 611 alii
336 586 372 611 v.
412 576 436 611 6
474 572 684 623 Augustum
723 570 974 616 somniarent.;
1020 573 1090 609 hoc
1131 572 1318 623 Josephus

132 640 329 692 Scaliger,
369 639 661 684 Taubmannus,
703 638 875 683 Ruaens,
907 639 1114 688 Martynus.

247 708 391 744 Caesar
428 707 524 744 enim
562 705 791 743 Octavianus
822 710 859 742 et
890 705 941 742 M.
973 705 1180 750 Antonius,
1227 720 1319 756 pace

130 773 362 812 Brundisina
400 779 569 811 extremo
608 787 706 810 anno
739 773 928 809 bccxn'
961 773 1081 809 denuo
1114 773 1318 823 conjuncti,

132 846 330 892 postquam
377 841 548 892 proximo
599 854 685 879 vere
731 840 817 877 {tuni
862 840 1033 877 Dccxv
1074 853 1154 877 cum
1197 841 1318 877 Sexto

133 909 314 960 Pompejo
354 909 562 959 pactionem
605 908 855 945 Misenensem
900 907 1105 953 inivcrant3
1152 908 1318 946 ultimum

131 975 286 1014 Asinius
324 976 447 1013 Pollio
485 976 520 1012 in
553 988 594 1012 se
634 974 774 1025 recepit
813 989 906 1025 opus
950 975 1118 1012 bellicum
1149 976 1195 1012 ad
1227 977 1320 1013 Par-

134 1042 259 1080 thinos
298 1043 378 1082 sive
408 1043 621 1080 Parthenos
654 1042 812 1079 rebelics
844 1043 1070 1087 domandos,
1110 1044 1171 1093 qui
1204 1057 1320 1094 popu-

134 1110 212 1155 lus,
263 1111 381 1148 Bruto
432 1110 571 1161 pridem
617 1110 785 1155 deditus,
833 1109 1009 1146 Faesaris
1052 1110 1086 1146 in
1128 1111 1321 1160 provincia

134 1177 322 1214 Dalmatia
365 1182 460 1215 erat.
520 1178 560 1214 ln
604 1178 698 1214 hanc
737 1177 1026 1227 expeditionem,
1059 1190 1125 1227 pro
1156 1179 1321 1216 Caesare

134 1257 216 1282 cum
248 1245 386 1296 copiis,
417 1245 472 1282 uti
503 1258 571 1296 par
601 1250 704 1290 erat,
738 1244 979 1281 Caesarianis
1010 1251 1241 1295 susceptam,
1273 1247 1319 1284 ab

133 1312 300 1349 Antonio
339 1325 487 1362 quoque
525 1312 702 1349 destinati
733 1313 913 1349 advorsus
944 1313 1105 1349 Parthos
1137 1328 1222 1363 pars
1254 1327 1319 1352 ex-

134 1378 292 1424 ercitus,
325 1380 386 1429 qui
418 1380 452 1416 in
487 1380 648 1417 Graecia
679 1380 907 1416 hiematurus
938 1385 1037 1425 crat,
1070 1381 1217 1417 additus
1249 1385 1319 1427 cst,

133 1446 267 1497 partim
306 1447 352 1483 od
392 1447 626 1484 exercendos
664 1448 876 1497 praedaque
915 1446 1194 1484 inflammandos
1226 1448 1320 1485 mili-

134 1518 215 1559 tes,
259 1514 392 1564 partim
431 1515 477 1552 ad
517 1514 672 1551 Caesari
710 1514 916 1551 habendam
948 1514 1137 1565 grati-'inu
1181 1528 1228 1551 ex
1260 1516 1317 1561 iis,

134 1594 230 1631 quae
267 1581 453 1618 Poiiionis
483 1582 623 1627 adhuc,
663 1581 863 1619 verisimile
894 1586 970 1627 est,
1018 1580 1167 1618 fucrant
1197 1582 1320 1633 legio-

136 1661 215 1685 nes,
277 1649 408 1686 victor
449 1663 546 1686 nunc
589 1649 814 1687 auctumnali
860 1654 1026 1698 tempore
1059 1649 1180 1685 Pollio
1212 1651 1319 1687 auxi-

132 1715 246 1753 liares
275 1717 429 1754 Antonii
461 1717 589 1768 copias
621 1717 655 1753 in
689 1717 843 1754 hiberna
875 1716 1044 1761 dimittit,
1085 1722 1139 1761 ct,
1179 1719 1319 1756 (saesa-

135 1782 253 1820 rianis
290 1784 478 1821 nonnuliis
517 1784 801 1827 comitantibus,
850 1783 933 1820 navi
971 1783 1006 1819 in
1040 1784 1229 1821 Venetiam
1261 1799 1320 1823 re-

133 1849 200 1894 dit,
231 1863 304 1900 qua
335 1852 370 1887 in
403 1852 608 1901 pioviucia,
641 1865 706 1900 pro
740 1851 904 1886 Antonio
937 1856 1024 1887 ante
1046 1851 1319 1899 administrata,

133 1930 201 1967 pro
233 1918 420 1959 Caesare,
463 1918 523 1966 qui
558 1930 655 1953 nunc
686 1922 765 1953 m-at
797 1917 983 1963 dontinus,
1017 1919 1123 1968 plura
1156 1918 1319 1959 sortasse

133 1983 244 2021 etiam
277 1990 352 2020 tum
386 1985 541 2033 nogotia
572 1985 779 2021 ordinanda
813 1985 957 2029 hal›uit;
995 1999 1137 2036 suoque
1172 1988 1320 2025 Raven-

134 2064 206 2088 nae
245 2056 333 2088 nato
373 2051 469 2096 titio,
508 2051 638 2088 Asinio
679 2052 808 2095 Gallo,
854 2066 876 2090 a
906 2058 1016 2103 capm
1047 2054 1137 2090 urbe
1169 2056 1320 2093 Salonis

132 2118 306 2155 Salonini
346 2132 557 2170 cognomen
595 2133 643 2156 ex
684 2120 868 2156 ilalinatia
908 2120 1026 2156 refert
1065 2120 1111 2156 cf.
1145 2122 1193 2158 lv
1223 2123 1318 2175 Arg.

131 2186 200 2223 sub
239 2184 322 2233 ssn.;
368 2191 407 2224 ct
445 2187 599 2224 Romam
639 2186 741 2224 brevi
780 2192 864 2237 post
894 2188 939 2223 ad
971 2188 1160 2225 decretum
1191 2190 1318 2227 trium-

131 2253 242 2304 phum
294 2253 566 2304 proficiscitur,
636 2267 742 2304 quem
783 2258 952 2291 extremo
998 2268 1123 2293 mense
1165 2257 1317 2295 octobri

132 2320 227 2372 egit.
