1472 2620
475 140 675 180 ECLOGA
706 141 764 178 vi.
803 145 990 181 37—40.
1258 150 1313 189 27

160 252 298 298 mines,
343 253 403 303 qui
447 253 563 290 adhuc
607 252 681 290 bini
726 251 804 290 fere
848 253 883 290 in
920 253 1107 291 saltibus
1143 253 1315 291 alimenta

159 325 340 370 quaerunt
369 320 437 357 Lb.
466 320 511 365 11,
544 324 633 358 340.
691 320 722 356 A
753 319 942 370 principio,
974 320 1169 358 Lucretius
1199 320 1315 371 inquit

162 387 211 432 V,
246 392 347 432 781,
378 387 430 424 ita
459 386 672 424 crescebant
701 386 798 424 circa
827 393 947 424 terrae
977 386 1203 438 superficiem
1233 389 1314 425 lier-

162 453 231 491 bae
272 459 309 491 et
345 455 515 499 arbores,
561 454 856 503 quemadmodum
888 455 1028 504 plumae
1059 460 1095 492 et
1125 455 1188 505 pili
1217 455 1314 493 circa

162 520 412 558 adolescentia
441 534 595 572 corpora
626 521 821 558 bestiarum
853 521 1044 566 oriuntur3
1076 529 1205 572 postea
1235 523 1313 560 ani-

162 592 259 624 mata
288 600 431 638 quoque
460 601 616 640 genera:
648 600 753 638 quae,
784 587 879 624 sicut
907 588 1023 625 adbuc
1054 595 1135 638 post
1158 590 1314 639 pluviam

162 654 268 692 limus
309 655 513 706 tepefactus
549 656 679 693 multas
718 654 891 692 bestiolas
931 655 1112 699 excludit,
1151 656 1200 692 ita
1240 663 1314 694 tum

163 722 357 772 temporis,
394 729 544 774 propter
573 723 754 775 juveniles
791 722 888 760 vires
925 722 1096 759 tumentis
1127 722 1249 760 calore
1279 729 1315 761 et

162 789 312 826 humore
349 795 471 828 terrae
500 796 537 828 et
573 790 763 842 gignentis
800 789 969 835 aetheris,
1001 794 1038 826 et
1066 790 1317 839 frequentiora

163 861 200 894 et
230 858 368 908 majora
397 858 602 908 prodibant.
660 857 817 894 Primum
843 870 955 895 veruo
981 857 1101 894 calore
1122 858 1316 895 volucres

163 935 211 960 ex
247 923 344 969 ovis,
389 924 443 960 uti
480 937 573 961 nunc
603 937 623 961 e
653 923 823 961 folliculis
854 924 1001 961 cicadae
1031 930 1192 971 aestate,
1237 926 1316 961 exi-

162 989 268 1036 bant3
299 990 428 1028 deinde
458 991 555 1028 iutra
583 995 704 1028 terrae
734 991 849 1027 sinum
881 992 974 1028 uteri
1004 990 1159 1036 fiebant,
1191 1005 1210 1028 e
1240 992 1316 1042 qui-

161 1056 230 1094 bus
265 1058 435 1096 maturati
474 1063 512 1095 et
548 1058 709 1096 bestiae
750 1066 949 1096 terrenae
986 1064 1022 1095 et
1059 1057 1241 1096 homiues
1271 1059 1317 1097 ad

161 1124 277 1162 lucem
320 1137 385 1176 per
420 1124 600 1163 foramina
637 1126 884 1170 enitebantur,
929 1131 965 1162 et
1002 1124 1163 1162 fontibus
1199 1127 1316 1173 lactis,

162 1204 249 1228 mox
286 1197 407 1230 autern
444 1192 532 1230 feris
563 1199 684 1231 terrae
714 1192 891 1230 fructibus
920 1199 1096 1243 perpetuo
1127 1207 1212 1231 vere
1243 1194 1317 1231 ale—

164 1257 308 1297 bantur.
366 1260 482 1298 Pauci
517 1261 633 1298 adbuc
668 1264 928 1305 cmimmctes,
974 1262 1205 1307 animalia,
1244 1250 1316 1298 non

164 1326 282 1377 magis
325 1326 465 1364 bestiae
501 1332 586 1364 sunt
625 1340 728 1377 quain
767 1328 948 1372 homines,
994 1341 1084 1377 quos
1120 1329 1316 1365 Lucretius

162 1404 306 1443 quoque
336 1394 385 1440 V,
416 1398 508 1432 789.
539 1399 631 1432 791.
664 1392 728 1443 (cf.
761 1394 808 1440 Y,
839 1398 929 1431 820.
961 1399 1072 1445 821.)
1104 1397 1317 1432 animalia

164 1463 202 1497 et
234 1462 441 1498 mortalia
477 1463 624 1499 saecla
660 1461 783 1498 dicens
819 1460 1082 1511 complectitur.
1141 1462 1222 1499 Non
1259 1476 1315 1500 se-

164 1539 228 1564 cus
257 1528 448 1574 Horatius,
488 1528 603 1565 Serm.
634 1528 668 1573 l,
707 1533 749 1573 3,
781 1533 851 1567 99;

252 1615 361 1650 Quum
386 1619 622 1659 prorepserunt
646 1614 758 1658 primis
783 1614 937 1648 animalia
961 1616 1076 1656 terris,

250 1671 382 1705 Mutum
405 1676 438 1706 et
460 1676 556 1714 turpe
580 1682 701 1714 pecus,
733 1672 887 1713 glandem
912 1677 1011 1715 atque
1036 1671 1156 1705 cubilia
1181 1679 1316 1716 propter

251 1728 426 1770 Unguibus
451 1732 483 1761 et
507 1728 645 1771 pugnis,
671 1727 747 1761 dein
770 1728 931 1768 fustibus,
956 1733 1055 1770 atque
1079 1729 1124 1761 ita
1148 1740 1247 1772 porro

252 1784 451 1826 Pugnabant
475 1784 594 1825 armis,
621 1795 705 1827 quae
731 1789 803 1827 post
828 1783 1045 1816 salu-icaxerat
1070 1795 1159 1816 usus.

165 1862 234 1900 liic
273 1867 414 1901 tenuis
451 1863 568 1900 adliuc
598 1876 765 1900 numerus
795 1862 1052 1913 spirantium
1081 1873 1121 1902 et
1150 1868 1314 1902 anima-

165 1937 304 1967 torum
334 1943 556 1979 corporum
582 1929 727 1979 primum
746 1936 909 1980 pererrat
932 1944 995 1981 per
1012 1940 1170 1969 moute-s·
1191 1936 1314 1984 igno-

166 2004 232 2033 tos
280 1996 442 2046 quidem,
488 1997 552 2033 sed
589 1995 768 2034 fructuum
806 1998 931 2048 plenos
968 1999 1208 2045 silvestrium,
1255 2000 1315 2050 qui

167 2068 253 2100 tuuc
289 2063 430 2114 quidem
469 2064 580 2101 Lucr.
620 2064 667 2110 V,
699 2069 954 2104 935—942.
992 2072 1029 2102 et
1066 2066 1247 2117 largiores
1278 2072 1315 2106 et

166 2130 323 2182 majores
374 2135 483 2181 utque
523 2132 780 2182 generosiores
821 2134 1047 2170 crescebaut.
1142 2134 1198 2171 (sc
1233 2142 1315 2185 post

167 2210 316 2236 novum
351 2197 386 2235 in
423 2197 681 2236 Hafniensibus
711 2213 852 2251 quoque
881 2200 980 2237 libris
1010 2201 1131 2246 deest3
1173 2205 1313 2252 splen-

168 2266 340 2304 descere
376 2264 431 2310 C,·
468 2267 627 2303 cadmea
655 2266 721 2310 Β,-
760 2271 975 2316 incipiunt
1004 2267 1057 2306 A.
1122 2269 1313 2320 Ignaros
