1515 2620
464 159 668 198 ECLOGA
702 158 767 205 ΙΧ,
800 163 977 200 3ῦ-36.
1253 168 1339 208 1⁷9

244 267 429 310 Corrigere
454 273 489 301 at
513 278 568 300 res
593 272 645 301 est
669 273 763 302 tanto
789 269 898 311 magis
923 269 1049 311 ardua,
1074 273 1201 313 quanto

356 325 505 366 Magnus
529 323 727 357 Aristarcho
752 324 861 366 major
885 325 1057 358 Homerus
1082 328 1165 358 erat.

153 401 344 441 Anseris
382 406 616 451 strepitus,
654 403 760 454 cujus
797 403 983 453 asperitas
1019 403 1224 454 asperitate
1252 417 1336 444 ver·

154 482 219 506 sus
259 468 445 514 refertur,
491 468 687 507 oloribus
727 471 898 507 claram
934 483 1075 508 vocem
1111 471 1336 509 edentibus

154 536 208 573 ita
245 536 470 587 opponitur,
509 536 813 586 quemadmodum
852 536 888 573 in
928 537 1126 574 Theocriti
1158 538 1243 582 vll,
1282 543 1331 576 41

154 615 248 640 rana
276 602 427 649 cicadis,
460 608 498 640 et
527 603 737 641 crocientes
767 616 856 641 aves
886 604 1076 640 Musarum
1106 602 1270 641 Homero
1300 617 1335 641 v.

155 672 230 708 45:

290 756 422 790 Invisus
446 755 541 790 faber
564 760 600 788 ut
624 754 705 788 mihi
729 756 790 797 sit,
816 756 873 798 qui
898 753 1033 788 verticis
1057 754 1165 787 instar

290 812 533 845 Oromedontis
557 810 649 844 iners
673 814 806 844 struere
829 813 914 844 altas
939 811 1062 843 audeat
1086 821 1200 842 arces:

289 868 468 901 Musarum
491 866 613 909 aligeri
638 877 774 910 quoque
798 866 868 907 sic,
895 865 1100 910 quicumque
1124 865 1226 908 poeta

291 923 380 956 Cum
405 923 492 956 Chio
517 925 649 955 certant
672 922 814 965 strepitu
839 921 1033 964 frustraque
1057 921 1224 953 laborant.

157 1000 274 1038 Simul
315 1001 518 1052 strepitans
562 1000 634 1038 iste
675 1001 888 1038 memoriam
925 1000 1035 1038 affert
1072 999 1339 1038 versificatoris

157 1068 284 1106 miseri
314 1069 490 1106 anserino
520 1067 694 1112 nomine,
735 1067 905 1112 Anser,
940 1079 1047 1116 quem
1076 1067 1262 1103 Antonius
1293 1067 1339 1103 ob

157 1134 409 1172 laudationem
448 1134 631 1185 po‘e'tieam
670 1147 765 1185 agro
803 1134 964 1171 Falerno
1005 1133 1222 1171 donaverat.
1281 1134 1340 1170 Ad

158 1202 257 1252 quod
299 1201 410 1239 etiam
448 1202 582 1238 Cicero
620 1200 656 1237 in
694 1201 866 1238 oratione
906 1200 1115 1250 Philippica
1152 1200 1266 1245 ΧΙΙΙ,
1313 1203 1338 1240 5

158 1268 302 1306 allusit:
351 1269 425 1306 De
467 1266 657 1305 Falerno
701 1281 883 1305 anseres
924 1268 1214 1314 depellentur.
1282 1267 1340 1303 An

158 1348 250 1374 vero
287 1336 480 1373 ridiculum
512 1348 559 1372 ex
592 1335 842 1384 amphibolia!
881 1334 937 1372 Ne
967 1333 1165 1371 miremini!
1208 1332 1341 1370 Ridi-

158 1404 264 1440 cula
309 1416 371 1441 εω-
408 1400 695 1451 amphibolia,
742 1401 994 1442 Quintilianus
1032 1399 1152 1449 inquit
1187 1400 1257 1444 vl,
1303 1405 1341 1443 3,

162 1473 215 1508 48
247 1483 281 1519 p.
314 1473 414 1514 375,
456 1469 549 1506 bene
579 1481 620 1504 se
650 1467 806 1512 liabent,
838 1480 946 1516 quum
978 1465 1087 1503 rebus
1117 1464 1207 1516 ipsis
1237 1465 1342 1516 adju-

160 1540 309 1574 vantur.
382 1534 702 1584 Gerstenbergius
745 1533 959 1583 quaerenti,
1008 1546 1055 1569 an
1101 1531 1259 1568 ridicula
1294 1544 1343 1568 ex

162 1601 387 1652 amphibolia
425 1601 523 1638 bona
560 1600 828 1644 existimanda,
867 1604 954 1649 apta
984 1597 1207 1647 amphibolia
1236 1610 1340 1643 usus,

161 1668 377 1719 respondit:
421 1667 453 1704 si
492 1666 650 1715 denique
680 1666 777 1702 bona
807 1670 905 1701 sunt.
965 1663 1114 1715 Virgilii
1145 1677 1166 1701 a
1197 1664 1343 1714 placido

164 1734 288 1772 animo
343 1734 438 1771 male
483 1734 693 1769 nominatus
737 1732 884 1769 Auser
930 1730 1040 1768 facile
1092 1743 1164 1766 non
1211 1730 1342 1781 magis,

164 1813 273 1852 quam
314 1813 508 1850 compares
544 1800 624 1849 ejus
656 1799 831 1836 lxm-211⁸
863 1804 900 1835 et
930 1798 1134 1834 Maec-ivs
1165 1797 1233 1842 ΙΙΙ,
1277 1801 1344 1840 90,

166 1867 312 1905 derisus
343 1866 475 1911 fuerit,
507 1866 576 1902 nisi
607 1878 686 1902 cum
718 1866 789 1901 illis
819 1870 951 1902 eontra
982 1863 1184 1900 nobiliores
1215 1867 1346 1912 poetas

168 1934 334 1985 eJusdem
365 1932 502 1971 aetatis
533 1931 681 1969 infenso
712 1932 834 1968 animo
865 1931 1066 1967 stridisset.
1126 1929 1346 1979 Propertius

167 2001 321 2039 tradidit
352 2001 403 2045 ΙΙ,
437 2004 510 2044 34,
543 2005 615 2043 83,
646 1999 857 2048 posteriora
888 1996 1087 2047 opprobria
1117 1996 1251 2032 Anseri
1282 1995 1347 2031 im-

168 2067 353 2106 mansueti
383 2068 625 2104 Mantuanum
657 2066 808 2110 olorem,
839 2065 937 2114 quod
969 2064 1049 2113 ejus
1080 2062 1238 2099 maxime
1269 2060 1348 2098 fue-

170 2135 220 2172 rit
249 2134 451 2173 secundum
482 2132 718 2184 dignitatem,
753 2132 911 2169 tacendo
942 2128 1199 2166 contemsisse.
1260 2125 1349 2164 llas-

171 2201 314 2239 niensis
346 2202 385 2239 C
408 2200 504 2251 legit
533 2206 721 2249 argutos
745 2212 878 2235 anser
902 2204 1100 2245 strepere
1123 2197 1240 2231 mter
1262 2195 1351 2231 olo-

172 2281 270 2307 res:
301 2267 362 2306 cui
391 2266 641 2306 emendationi
671 2265 840 2304 Maevius
868 2264 948 2302 sine
978 2261 1088 2300 dubio
1112 2260 1353 2305 adnietusset,

1103 2320 1149 2353 12
1170 2317 1188 2336 ⁰
