1472 2620
420 123 622 161 ECLOGA
652 123 731 169 vll,
763 126 874 160 21--
888 126 951 161 24.
1212 127 1270 166 79

433 235 530 269 Quae
552 232 663 266 lavitis
688 231 846 275 capillum

430 290 642 332 Purpureum
667 288 900 332 Hippocrene!

101 359 148 395 Et
169 358 427 396 Tertullianus
459 355 573 408 (ado.
601 358 742 394 Illam.
771 358 798 402 1,
832 355 915 408 13),
946 357 1108 402 Jovem,
1139 356 1269 407 inquit,

92 426 304 476 figurant
330 428 407 464 isla·
426 425 691 472 fabularum
716 427 975 471 interpretes
1002 428 1048 461 im
1071 425 1268 461 substau—

99 497 205 530 tima
224 494 448 540 fervidam
479 489 723 542 (aetherem),
760 492 974 529 Jmmuem
1006 495 1050 529 ιἰι
1082 498 1268 537 aeream,

110 560 275 599 Vestam
305 558 348 597 iu
378 563 542 610 «ignem,
586 558 822 595 Camenas·
853 562 899 596 im
936 573 1076 609 aquas·
1113 568 1155 596 ec
1183 574 1270 596 ma-

99 640 233 677 guam
256 628 444 664 Matrem
468 631 515 664 iu
537 634 711 663 terram.
772 625 908 662 Thalia
925 626 1032 663 Musa
1064 626 1122 670 Vl,
1156 632 1167 663 1
1207 640 1271 663 nu-

101 694 176 731 trix
206 699 286 732 erat
315 695 492 746 agricolis
523 694 727 745 plantarum
757 693 1063 744 germinantium,
1107 693 1272 743 Nympha

100 761 230 798 latices
260 761 429 800 fundens.
502 762 550 798 lit
581 761 757 812 Virgilius
787 760 1085 805 quemadmodum
1122 760 1158 796 in
1193 760 1272 797 Cu-

103 829 187 866 lice
217 843 251 867 v.
286 834 334 867 18
366 830 493 867 Musas
524 829 628 879 quasi
659 828 802 865 Pierias
833 827 968 864 Naides
999 827 1166 873 invocat,
1208 842 1274 866 vo-

103 902 215 946 toque
246 896 359 934 vitulo
391 896 468 934 1⁴:01.
502 897 562 943 ΙΙΙ,
596 899 645 934 85
678 908 814 946 pascua
845 896 889 931 ab
921 895 964 931 iis
996 895 1116 945 opima
1147 909 1273 946 preca-

104 967 184 999 tur:
227 962 280 1000 ita
309 963 405 1013 apud
436 962 673 1013 Calpurnium
706 963 772 1008 vl,
819 967 868 1000 61
909 963 1083 1013 cespitem
1123 964 1273 1001 eaedem

104 1030 210 1081 aquis
239 1030 316 1068 suis
346 1034 630 1068 exstruxerunt:

219 1107 394 1149 Protinus,
421 1106 515 1140 ecce!
553 1110 662 1140 torum
687 1106 799 1139 secere
823 1107 884 1139 sub
908 1104 985 1137 ilice
1008 1106 1140 1139 Musae.

107 1175 264 1214 Noster
292 1190 413 1222 amor,
460 1189 550 1226 quas
589 1189 657 1212 nos
694 1189 820 1213 omnes
860 1188 1033 1212 alumnus.
1095 1176 1275 1223 Codrus,

107 1242 230 1281 {ictum
254 1244 416 1294 pastoris
441 1257 594 1289 nomen,
629 1243 686 1280 cui
717 1257 796 1280 cum
828 1243 910 1280 aliis
934 1244 1095 1294 ejusdem
1120 1244 1278 1281 nominis

108 1310 278 1362 personis
310 1310 395 1347 nihil
427 1323 615 1348 commune
646 1315 713 1347 est.
771 1310 1005 1356 Proxima,
1045 1311 1149 1348 deest
1177 1325 1279 1349 car-

107 1381 237 1423 mina,
269 1378 435 1416 versibus
465 1377 605 1414 Phoebi
637 1376 745 1423 facit,
777 1379 873 1427 quod
905 1378 1056 1417 Servius
1087 1384 1123 1415 et
1138 1379 1278 1416 Ascen-

108 1444 185 1482 sius
215 1457 261 1482 ex
293 1445 477 1495 prioribus
508 1445 666 1490 addunt,
711 1449 748 1482 et
779 1446 1008 1482 Burmannus
1044 1459 1154 1484 versu
1184 1447 1277 1484 Aen.

110 1512 212 1560 Vlll,
254 1517 354 1558 427,
390 1514 586 1559 siolmem,
631 1525 744 1563 (snae
776 1514 973 1561 plurima
1016 1535 1089 1558 —-,
1133 1515 1277 1552 suadet.

110 1581 165 1617 lta
194 1580 339 1618 tandem
366 1582 548 1627 facere,
596 1583 736 1627 ποιεῖν,
780 1580 928 1631 dignam
968 1581 1077 1617 habet
1114 1586 1279 1631 potesta-

109 1653 194 1686 tem.
256 1647 419 1692 Quodsi
438 1662 522 1685 mm
539 1660 770 1697 possumus
797 1661 936 1685 onmes
963 1648 1168 1685 istiusmodi
1199 1662 1278 1687 car-

109 1715 206 1753 mina
244 1715 428 1761 invenire,
481 1715 552 1753 arti
590 1728 663 1767 ego
704 1715 890 1752 renuntio.
958 1715 1037 1752 Hoc
1080 1716 1277 1766 proverbio

110 1783 210 1828 Vlss,
233 1788 283 1822 63
315 1795 356 1820 se
384 1796 493 1819 unum
519 1784 564 1820 de
586 1783 707 1819 multis
731 1783 895 1819 modeste
926 1795 1008 1819 esse
1031 1781 1154 1834 fingit.
1203 1784 1278 1826 Qui

111 1853 226 1888 artem
270 1849 463 1886 abdicabat
499 1862 621 1894 suam,
671 1849 701 1885 is
739 1850 806 1886 deo
844 1850 1132 1900 suppellectilem
1174 1864 1277 1889 suam

111 1916 303 1967 suspendit
351 1916 521 1966 praesidi.
588 1916 643 1952 lta
670 1917 870 1962 fistulam
912 1919 1086 1968 Corydon
1133 1918 1278 1956 cuinam

113 1983 175 2020 alii
199 1989 453 2034 praeterquam
476 1984 602 2029 Pani,
633 1984 802 2021 cai-minis
827 1985 952 2022 rustici
978 1987 1023 2031 ΙΙ,
1050 1991 1115 2024 31.
1140 1986 1200 2031 lv,
1224 1988 1276 2026 58

113 2050 317 2102 magistro?
355 2051 502 2096 Eidem,
534 2050 680 2088 Fauni·
709 2052 766 2097 vl,
799 2056 850 2090 27
881 2052 1018 2089 Latino
1050 2053 1194 2090 nomine
1225 2053 1278 2091 di-

113 2122 187 2163 cto,
217 2131 333 2156 senex
356 2132 500 2170 quoque
522 2119 728 2158 Nemesiani
748 2120 906 2169 Tityrus
932 2121 959 2167 l,
995 2125 1044 2159 14
1069 2134 1171 2158 suam
1197 2134 1278 2159 sus-

113 2185 258 2236 pendit:

245 2263 319 2296 Jam
344 2273 418 2298 mea
441 2263 606 2296 ruricolae
630 2264 796 2307 dependet
820 2262 931 2296 fistula
956 2264 1086 2296 Fauno.
