1515 2620
159 174 244 215 182
492 165 697 204 ECLOGA
717 165 785 212 lx,
817 170 996 207 46—50.

157 280 274 325 sidus,
305 280 410 330 cujus
435 280 568 327 poema
591 275 815 313 mentionem
839 275 1014 319 faciebat,
1047 276 1146 313 clare
1167 278 1212 315 de
1231 280 1336 317 coeio

159 346 452 396 conspiceretur.
526 341 729 387 Numeri,
778 342 876 392 quod
923 342 1153 392 comparatio
1198 346 1337 397 arguit,

158 413 216 449 bic
254 410 345 448 meri
381 421 559 447 sonorum
598 409 697 446 modi
733 415 838 454 sunt,
878 408 1101 446 dinumerati
1138 415 1176 448 et
1205 410 1339 449 ictibus

158 477 336 514 distincti.

270 546 449 583 46—50.
509 541 650 579 Moeris
679 555 811 580 versus
840 543 986 593 aliquos
1016 555 1065 580 ex
1095 543 1260 581 carmine
1281 557 1340 582 ca-

159 610 233 655 nit,
271 610 371 660 quod
406 609 603 647 Menalcae
641 621 840 659 personam
878 623 1018 662 gerens
1056 609 1238 661 Virgilius
1262 610 1340 661 jam

157 689 256 714 anno
293 676 433 714 DCCX
470 676 507 713 in
538 689 673 714 novum
703 676 794 714 Julii
825 676 1001 714 Caesaris
1030 676 1133 713 sidus
1163 677 1341 727 panxisse

156 742 324 790 simulat3
366 756 475 793 quum
506 742 595 779 nibil
625 743 706 793 ipse
736 757 758 780 a
788 744 997 794 posteriore
1027 742 1203 780 fortunae
1232 743 1340 781 vicis-

156 809 320 846 situdine
351 809 551 846 timendum
582 809 759 855 haberet,
792 815 829 847 et
859 810 1006 847 sincero
1038 814 1180 846 tantum
1211 809 1248 846 in
1279 809 1341 847 de·

155 874 323 913 functum
354 888 480 913 amore
509 875 649 913 moveri
678 882 820 926 posset.
887 874 1074 924 Daphni
1114 873 1263 927 (pastor
1300 874 1341 913 fi-

155 941 279 992 ctus),
308 942 395 992 quid
425 946 574 981 veteres
604 946 644 978 tu
674 943 803 980 stellas
820 943 1003 993 suspicis?
1048 943 1192 981 Novum
1224 942 1338 990 sidus,

157 1008 332 1045 Caesaris
370 1008 492 1047 anima
527 1008 677 1053 lucens,
725 1022 855 1046 cursus
895 1010 971 1046 illic
1001 1009 1097 1046 coeii
1128 1009 1340 1060 ingressum

156 1078 233 1110 est:
265 1075 311 1112 ad
342 1075 593 1112 maturitatem
624 1074 820 1126 frugibus,
852 1076 1014 1112 colorem
1046 1075 1151 1119 uvis,
1182 1075 1341 1112 salutem

155 1140 274 1190 pomis
310 1140 517 1178 ferendam.
548 1162 603 1168 —
634 1141 756 1181 Quum
795 1154 871 1178 non
903 1141 1017 1178 multo
1049 1146 1134 1191 post
1165 1141 1341 1178 Caesaris

155 1219 296 1252 necem,
328 1220 424 1257 quae.
453 1207 578 1245 idibus
607 1205 723 1244 fiebat
751 1208 900 1245 Martiis
930 1207 1018 1246 anni
1047 1206 1200 1252 DCCX,
1231 1207 1340 1245 heres

155 1273 236 1324 ejus
274 1274 502 1312 Octavianus
539 1274 646 1312 ludos
684 1274 729 1312 ab
766 1275 829 1312 illo
861 1280 969 1313 votos
999 1275 1046 1312 ad
1078 1274 1234 1312 Veneris
1266 1275 1342 1312 Ge·

154 1340 309 1378 netricis
348 1341 521 1391 templum
564 1342 859 1380 consecrandum
898 1342 1051 1388 ederet3
1097 1354 1162 1392 per
1198 1348 1339 1392 septem

155 1405 235 1443 dies
280 1408 326 1443 ad
373 1408 522 1459 pingam
559 1408 830 1446 occidentalem
868 1408 1157 1460 septemtriones
1195 1421 1338 1453 versus,

154 1471 246 1509 hora
276 1477 364 1510 ante
393 1486 606 1522 vesperam,
637 1475 746 1512 stella
775 1475 910 1513 crinita
939 1475 1163 1526 apparebat,
1195 1474 1340 1527 magni-

154 1537 283 1575 tudine
312 1552 386 1575 nou
417 1539 606 1585 mediocri,
637 1553 746 1589 quam
775 1541 934 1591 populus
960 1542 1034 1579 divi
1059 1541 1235 1578 Caesaris
1260 1541 1340 1578 ani-

153 1615 247 1641 mam
286 1617 370 1641 esse
411 1605 567 1654 putabat
604 1605 675 1642 Lb.
721 1607 759 1651 1,
798 1612 864 1645 32.
904 1611 998 1646 488.
1086 1607 1338 1648 Quamobrem

152 1669 380 1709 Octavianus
399 1671 577 1708 Caesaris
596 1676 744 1709 statuae
767 1671 805 1709 in
834 1673 976 1710 vertice
1005 1673 1150 1710 stellam
1181 1672 1337 1724 figebat,

153 1742 190 1774 et
219 1737 256 1774 in
287 1750 417 1789 pugna
445 1737 600 1775 Actiaca
630 1738 738 1789 hujus
768 1739 900 1776 stellae
930 1739 1133 1789 imaginem
1165 1739 1200 1775 in
1226 1740 1340 1791 galea

151 1802 311 1840 habebat
340 1805 434 1841 Aen.
466 1804 563 1850 ΥΙΙΙ,
597 1809 691 1850 681,
722 1805 816 1841 artis
847 1818 994 1855 quoque
1024 1805 1060 1841 in
1092 1805 1268 1855 operibus
1300 1811 1339 1842 et

151 1875 321 1907 cometae
351 1871 458 1921 hujus
489 1871 636 1920 paterni
667 1875 704 1908 et
734 1871 880 1916 sideris,
911 1871 1009 1921 quod
1033 1871 1241 1918 simulabat,
1274 1884 1338 1909 na-

151 1935 262 1972 talitii
292 1936 369 1982 sui,
401 1936 642 1986 Capricorni,
674 1937 815 1989 insigni
845 1938 1112 1975 honorabatur.
1171 1938 1334 1983 Dione,

150 1999 229 2038 filia
266 2003 407 2040 Oceani
439 2007 476 2039 et
506 2002 700 2051 Tethyos,
740 2003 901 2042 fabulam
933 2005 1135 2042 secuudum
1166 2004 1336 2042 Homeri-

151 2079 229 2104 cam
269 2074 387 2105 mater
424 2073 506 2106 erat
540 2068 716 2114 Veneris,
756 2071 862 2122 cujus
893 2084 914 2107 a
945 2076 1048 2115 nato,
1084 2071 1237 2115 Aenea,
1269 2083 1336 2121 per

150 2133 265 2171 lulum
298 2147 395 2186 gens
411 2134 512 2171 Julia
538 2133 638 2171 filum
662 2136 822 2188 originis
846 2150 937 2174 suae
963 2136 1170 2174 deducebat
1196 2137 1238 2182 V,
1265 2142 1350 2194 44.ἱ

149 2199 388 2239 Posteriores
418 2201 566 2239 Dionae
597 2215 731 2239 nomen
771 2203 908 2240 Veneri
952 2215 1226 2252 nonnumquam
1264 2203 1335 2254 ipsi

148 2264 343 2312 dederunt,
374 2280 410 2305 v.
441 2281 473 2306 c.
503 2267 597 2305 Bion
627 2269 653 2313 Ι,
686 2274 759 2313 93;
790 2275 828 2307 et
858 2270 1026 2314 Ovidius,
1058 2268 1203 2306 fabulas
1224 2269 1333 2319 plane
