1515 2620
226 204 314 244 220
563 197 768 235 ECLOGA
795 197 831 233 X
842 226 852 243 ,
884 199 1062 238 50—54.

226 311 395 362 Alpium,
432 308 498 347 vix
535 309 676 362 dignae
705 314 811 357 sunt,
850 322 945 360 quae
975 308 1199 347 referantur.
1257 312 1404 350 Crimen

225 377 481 429 ambiguitatis
517 391 592 414 non
630 376 921 415 reformidabant
951 382 1118 423 veteres,
1159 378 1304 428 quoties
1331 393 1405 418 una

223 444 484 496 interpretatio
515 444 735 482 sententiam
768 443 955 482 efficiebat
985 444 1165 490 nobilem,
1196 444 1315 483 altera
1343 447 1405 484 de-

223 513 332 550 bilem
371 517 436 550 aut
473 513 642 558 stultam3
680 513 841 550 lectores
877 511 946 549 sibi
985 511 1245 563 proponebant
1284 512 1405 552 animo

223 581 413 631 sapientes
444 585 482 618 et
511 580 712 618 benevolos
744 581 788 626 ΙΙ,
822 584 886 618 22.
923 580 985 617 Me
1015 585 1056 617 ut
1086 579 1224 632 fugiaS,
1257 593 1279 617 o
1309 593 1406 618 cru-

226 650 359 694 delas,
399 648 478 686 abis
516 661 563 686 ex
590 651 747 698 patria
779 645 1112 698 (importunissima
1141 648 1311 685 Romano
1342 661 1406 685 co-

225 714 380 769 gitatio)
420 720 458 753 et
497 722 570 754 tam
609 715 745 767 longe,
793 720 832 752 et
868 727 985 766 usque
1029 715 1075 752 ad
1120 715 1406 766 septemtriones

225 784 406 836 rigentes.
466 783 549 820 Non
596 788 770 820 aeternas
815 782 923 819 modo
960 783 1145 830 Alpium
1182 783 1286 822 nives
1323 796 1405 821 cum

223 852 381 889 horrore
417 851 563 888 incolae
598 850 833 901 appellabant
868 849 965 886 mitis
1003 850 1152 897 ltaliae3
1189 851 1255 888 sed
1286 850 1406 903 magis

225 919 337 956 ctiam
374 916 497 970 frigus
535 917 770 955 continenter
810 917 908 955 ultra
945 931 1155 968 augescens
1185 917 1330 956 Galliae
1366 923 1405 956 et

225 986 468 1032 Germaniae,
515 999 666 1036 quarum
704 986 901 1032 terminus,
940 985 1145 1032 Rhenus,
1187 986 1255 1023 sub
1292 991 1404 1024 vento

223 1055 347 1092 Borea
382 1066 501 1105 prope
541 1053 716 1091 circulum
757 1054 942 1091 Arcticum
981 1068 1015 1092 v.
1053 1057 1104 1093 65
1142 1053 1178 1090 in
1216 1054 1403 1091 Oceanum

224 1136 354 1173 aquam
394 1121 605 1166 effundere,
649 1134 834 1171 supraque
870 1135 911 1159 se
946 1127 1094 1159 tenuem
1125 1134 1249 1158 arcum
1279 1126 1403 1159 terrae

222 1189 434 1228 habitabilis
451 1189 586 1226 habere
604 1188 797 1226 videbatur
813 1188 882 1226 Lb.
899 1189 962 1235 Ill,
996 1193 1229 1229 349—383-
1260 1189 1402 1235 Hieme,

222 1258 397 1311 Hyginus
434 1257 554 1308 inquit
582 1257 703 1295 Poet.
734 1264 843 1294 astr.
877 1263 919 1303 1,
951 1261 996 1303 8,
1035 1270 1143 1308 quum
1174 1256 1271 1308 apud
1301 1256 1403 1308 ipsos

222 1340 304 1372 neS,
336 1325 406 1364 soli
436 1325 489 1362 ita
517 1324 671 1370 vicinos,
702 1324 849 1361 nimium
881 1323 1002 1377 frigus
1032 1325 1097 1371 sit3
1129 1330 1305 1375 quantum
1331 1324 1404 1362 erit

220 1393 376 1446 frigoris
405 1393 520 1430 multo
551 1392 734 1443 superius,
764 1392 839 1438 ubi,
870 1406 984 1444 prope
1008 1393 1182 1431 circulum
1200 1392 1402 1439 Arcticum,

220 1462 379 1499 braccae
420 1461 466 1497 ad
504 1460 627 1512 frigus
665 1460 934 1498 defendendum
967 1458 1146 1511 (Gallia
1176 1460 1401 1513 braccata)

223 1528 370 1579 aliaque
398 1527 580 1567 velamina
610 1527 692 1564 usui
722 1533 821 1565 suut.
882 1528 946 1565 Vel
977 1529 1104 1566 'sasso
1134 1529 1241 1574 xlv,
1274 1534 1326 1568 34
1357 1529 1404 1566 de

223 1596 356 1634 Rlieno
387 1595 549 1644 loquitur
577 1595 706 1647 gelato
733 1607 872 1643 prope
899 1597 1062 1644 polum.
1095 1597 1134 1632 ln
1165 1595 1402 1646 campisistis

224 1663 457 1717 glacialibus,
489 1662 612 1713 specie
630 1662 724 1699 adeo
743 1661 913 1707 sibirica,
946 1662 1074 1699 Gallus
1090 1663 1254 1709 timebat,
1286 1663 1402 1701 amori

223 1746 291 1769 suo
329 1730 469 1777 fidens,
512 1729 710 1780 Lycorias
751 1743 797 1767 ne
833 1729 946 1780 pedes
983 1730 1148 1767 tenenun
1178 1720 1252 1768 n'on
1283 1730 1403 1769 inaeai

221 1801 277 1837 ire
307 1803 480 1850 possent3
513 1798 737 1835 discalceata
766 1797 949 1848 quoniam,
980 1797 1164 1835 homiuum
1195 1812 1297 1836 more
1327 1812 1402 1837 me·

220 1867 468 1913 ridianorum,
517 1866 659 1905 levibus
702 1865 897 1903 incedebat
933 1866 1068 1903 soleis:
1117 1867 1183 1917 Ep.
1222 1866 1339 1917 myth.
1373 1867 1399 1913 l,

223 1940 288 1975 20.
328 1940 392 1974 21.
452 1935 551 1972 ldem
593 1934 639 1971 ob
681 1947 784 1971 suani
826 1933 981 1984 puellam
1018 1934 1216 1986 Propertio
1254 1947 1401 1986 quoque

220 2004 249 2050 l,
282 2009 318 2050 8,
349 2009 374 2043 7
400 2004 475 2055 jam
506 2003 543 2039 in
575 2001 697 2052 lllyria
727 2015 839 2040 curae
869 2008 946 2039 cst:

358 2083 409 2114 Τιι
430 2081 567 2124 pedilms
591 2082 709 2112 teneris
732 2082 858 2122 positus
883 2080 998 2120 fulcire
1020 2078 1188 2121 pruinas?

492 2128 541 2158 Τιι
563 2131 654 2168 poles
677 2127 840 2166 insolitas,
867 2125 1018 2166 symlu'a,
1042 2125 1130 2167 ferre
1152 2122 1265 2158 υἷι-087

334 2210 511 2248 50-54,
571 2208 666 2258 Age,
697 2206 857 2244 carmine
886 2205 1054 2243 bucolico
1086 2206 1250 2244 dolorem
1280 2219 1397 2244 meum

221 2275 368 2322 leniam,
400 2280 449 2321 et,
480 2275 516 2312 iu
534 2275 694 2313 Arcadia
725 2287 931 2319 remanens,
961 2274 1162 2312 solitudine.
1193 2288 1266 2327 ego
1297 2288 1395 2312 anio-

222 2356 297 2379 rem
335 2356 452 2381 meum
493 2341 645 2381 fovebo!
686 2364 735 2371 —-
776 2343 908 2380 Amata
944 2355 1010 2380 sua
1040 2342 1226 2393 privatus,
1265 2342 1395 2380 Gallus
