1515 2620
493 142 699 182 ECLOGA
730 143 778 190 X,
812 149 964 183 9—12.
1241 151 1328 190 199

225 252 379 285 Pendula
403 251 565 296 projectis
590 258 775 297 carpuntur
799 256 833 286 et
857 254 976 286 arbuta
999 254 1115 292 ramis,

225 309 410 351 Densaque
434 308 591 350 virgultis
616 308 715 342 avide
740 309 896 342 labrusca
920 314 1092 351 petuntur.

225 364 321 397 Haec
344 374 511 407 suspensa
534 364 623 407 rapit
646 368 807 407 carpente
831 365 1007 398 cacumina
1031 376 1145 398 morsu

227 419 293 452 Vel
317 419 432 453 salicis
457 421 581 458 lentae,
608 421 662 453 vel
687 430 774 463 quae
799 431 888 453 nova
912 420 1064 454 nascitur
1088 423 1203 455 alnus:

224 475 320 508 Haec
343 478 480 509 teneros
505 475 663 508 fruticum
688 479 804 508 sentes
828 475 989 517 rimatur3
1016 481 1050 510 at
1073 478 1132 510 illa

222 531 382 565 Imminet
406 531 442 564 in
466 530 529 565 rivi
555 532 760 574 praestantis
786 531 945 574 imaginis
971 534 1108 565 undam.

133 599 308 637 Animata
337 601 434 651 apud
467 604 598 652 poetas
628 602 746 638 silva
776 601 892 648 audit,
923 602 1228 651 quemadmodum
1259 603 1327 640 flu-

130 666 213 704 vius
243 666 312 713 vl,
344 672 419 714 833
466 667 575 705 discit
611 668 741 705 eadem
778 671 817 704 et
846 668 930 706 voci
959 671 1194 715 respondet
1223 683 1325 708 reso-

130 745 227 770 nans
257 734 295 781 Ι,
326 737 365 773 5.
426 736 568 772 Cantus
598 733 792 772 solitarius
823 734 952 772 intimo
983 735 1105 772 animo
1137 741 1324 786 pastorem

132 800 268 850 probat
297 801 564 840 condolescere
593 814 628 840 v.
661 806 727 840 73.

246 872 411 907 9—12.
471 869 643 910 Quonam
674 867 871 915 abieratis,
910 868 1101 919 Nymphae
1131 867 1324 915 fontanae,

130 946 227 983 quae
256 934 302 971 de
332 934 544 980 Parnasso,
583 935 705 971 Pindo
736 939 775 971 et
803 934 985 972 Helicone
1016 935 1202 973 montibus
1233 936 1324 976 divi-

130 1013 201 1038 nos
230 1000 386 1051 spiritus
417 1001 538 1052 poetis
569 999 722 1046 afflatis,
754 1002 853 1051 quod
880 1002 1027 1039 Gallum
1055 1008 1216 1040 vestrum
1249 1016 1323 1040 non

131 1067 232 1105 inter
261 1068 399 1105 amoris
431 1068 580 1105 dolores
611 1068 930 1106 consolabamini!
963 1070 1045 1106 Non
1078 1069 1188 1106 aliter
1219 1070 1324 1108 Sice-

129 1134 225 1172 lides
270 1135 456 1185 Nymphas
493 1135 725 1172 Theocritus
768 1136 1002 1188 interrogat,
1046 1149 1154 1186 quum
1202 1138 1323 1175 luctus

129 1214 221 1239 suos
251 1202 297 1239 dc
327 1201 524 1252 Daphnide
554 1201 700 1239 orditur
729 1202 756 1245 l,
790 1206 865 1240 613:

220 1279 293 1312 Vos
320 1278 388 1319 ubi,
415 1289 519 1322 quum
544 1278 698 1322 Daphnis
723 1277 884 1311 taheret?
911 1290 970 1311 vos
997 1280 1066 1319 ubi,
1093 1279 1299 1323 Nymphae?

220 1333 327 1367 Penei
353 1334 488 1377 Tempe
512 1334 679 1376 coluistis,
706 1346 746 1366 an
773 1335 879 1367 anina
906 1334 1036 1368 l'indi‘.e

222 1390 337 1422 Undas
363 1401 440 1423 nam
466 1401 578 1432 neque
603 1395 671 1423 tum
698 1390 791 1423 fluvii
817 1390 973 1423 tenuistis
997 1392 1123 1435 Anapi,

220 1447 353 1479 Aetnae
377 1456 440 1479 nec
463 1448 651 1490 speculam,
677 1445 795 1478 latices
820 1450 877 1479 aut
901 1446 1016 1479 Acidis
1043 1448 1140 1479 udos.

131 1526 350 1575 Najade85
391 1526 585 1576 Nymphae
622 1525 799 1576 imprimis
837 1525 1121 1577 appellabantur
1157 1527 1319 1577 lympha-

128 1607 207 1630 rum
225 1591 425 1632 fluvialium
458 1592 691 1630 terrestrium
721 1593 768 1638 ΙΙ,
800 1596 875 1639 46;
906 1593 965 1630 hic
994 1593 1086 1629 deae
1111 1598 1197 1630 sunt
1216 1607 1318 1631 mon-

129 1666 300 1698 tanorum
331 1658 501 1704 fontium,
532 1672 628 1709 quae
660 1672 792 1696 numen
824 1672 930 1696 suum
961 1659 1082 1709 poetis
1114 1659 1317 1710 inspiraut;

128 1727 223 1765 alias
263 1739 331 1764 cae
368 1726 500 1763 Musae
544 1725 737 1770 dicuutur,
788 1739 940 1775 quar-mn
979 1726 1242 1764 celeberrimae
1279 1726 1316 1763 in

128 1780 345 1839 Parnasso,
382 1792 505 1829 Pindo
551 1798 589 1830 et
628 1792 808 1830 llelicoue
847 1793 1086 1830 morabantur
1124 1793 1209 1839 Vll,
1250 1797 1314 1832 21.

130 1861 328 1902 Quomodo
374 1860 410 1896 in
450 1859 579 1897 (¹ulice
619 1873 650 1897 v.
695 1865 742 1897 18
786 1859 964 1910 Virgilius
999 1860 1128 1897 Musas
1167 1859 1314 1898 Pierias

126 1927 349 1978 assoqustur:

217 2005 345 2044 Quare,
374 2001 476 2035 Pierii
501 2001 610 2034 laticis
634 2002 751 2043 decus,
777 2003 835 2043 ite,
861 2014 997 2035 sorores

215 2058 356 2096 Naides,
382 2064 415 2091 et
440 2058 610 2091 celebrate
634 2058 741 2091 Deum
768 2059 951 2101 plaudente
975 2057 1111 2090 chorea.

128 2128 273 2166 Gallum
305 2126 423 2179 igitur
454 2130 619 2177 poiilam,
650 2127 712 2176 qui
743 2132 826 2177 post
857 2140 1004 2164 carmen
1036 2127 1124 2163 illud
1156 2140 1204 2164 ex
1236 2128 1309 2164 Eu·

126 2194 308 2246 phorione
340 2195 399 2240 Vl,
432 2197 497 2231 (54.
531 2197 580 2231 72
613 2193 768 2243 petitum
798 2194 948 2231 assidue
966 2194 1154 2230 Musarum
1185 2193 1309 2244 aliquo

123 2262 159 2299 iu
191 2266 316 2299 monte
340 2266 523 2307 versatur,
556 2261 698 2307 Musae,
730 2261 810 2312 ejus
825 2261 977 2306 ulmeae,
1008 2274 1029 2298 u
1048 2260 1310 2311 desperatione
