1472 2620
247 537 555 585 ECLOGA
589 538 708 583 Vn.
752 535 1213 583 EXPLICATA.

317 697 733 746 ARGUMENTI
770 695 1149 743 NARRATIO.

514 854 577 891 AB
608 855 652 891 U.
685 855 726 891 C.
759 855 956 892 nccxvl.

170 956 265 1005 Ap.
322 956 580 993 Claudio
632 953 890 992 Pulchro
941 955 986 992 ζ’.
1036 954 1306 991 Norbano

527 1033 744 1070 Flacco
792 1033 946 1070 Coss.

316 1133 618 1169 VERNo
691 1132 1162 1170 TEMPORE.

387 1233 564 1286 Virgilius
593 1247 728 1271 annum
758 1247 877 1286 agens
908 1237 1085 1273 31—32.

162 1389 385 1442 Meliboeus
414 1401 548 1447 refert,
589 1402 649 1452 qui
680 1401 814 1440 factum
845 1401 912 1449 sit,
958 1407 998 1438 ut
1027 1414 1140 1439 verno
1171 1413 1323 1450 vespere

163 1475 352 1527 caprarius
383 1475 554 1524 Corydon
585 1475 749 1524 Thyrsin
781 1477 994 1526 opilionem,
1031 1475 1170 1512 arbitro
1201 1475 1323 1525 Daph-

164 1543 268 1588 uide,
299 1542 335 1578 in
366 1541 518 1592 publicis
547 1542 661 1592 pratis
692 1543 815 1579 Mincii
845 1543 1008 1580 canendo
1039 1542 1179 1580 vicerit.

274 1609 375 1646 Haec
405 1609 537 1660 ecloga
559 1610 702 1658 quando
731 1610 867 1660 scripta
888 1609 1017 1655 fuerit,
1049 1610 1083 1646 id
1106 1622 1220 1661 aegre
1243 1615 1322 1646 tan-

166 1682 240 1713 tum
265 1674 446 1713 definitur.
506 1677 653 1713 Certum
677 1681 745 1721 est,
776 1690 847 1713 uon
879 1683 963 1714 ante
984 1677 1163 1727 quintam,
1195 1677 1228 1713 in
1251 1690 1323 1727 qua

167 1743 345 1794 Virgilius
375 1756 440 1793 per
469 1743 630 1793 hyemem
662 1743 746 1779 anni
778 1743 944 1780 m'cxll
974 1766 1028 1770 —-
1058 1743 1249 1781 Dct'xm
1280 1744 1324 1780 de

167 1810 285 1848 altera
315 1815 351 1846 et
380 1810 489 1847 tertia
518 1810 719 1861 gloriatur,
759 1810 864 1861 hujus
895 1825 939 1848 ue
969 1812 1152 1849 mentione
1182 1811 1325 1861 quidem

169 1877 286 1923 facta,
337 1877 415 1927 ejus
451 1890 664 1927 quamquam
705 1891 776 1914 nou
808 1878 956 1929 pejoris.
1015 1879 1085 1916 Vix
1115 1892 1258 1929 quoque
1288 1879 1325 1916 in

169 1943 378 1981 turbulento
409 1949 570 1994 tempore
600 1958 771 1996 agrorum
796 1946 1091 1987 dividuudorumz
1122 1953 1208 1984 tunc
1230 1946 1324 1984 enim

170 2014 425 2062 argumentum
455 2016 527 2047 tam
557 2011 670 2049 hilare
701 2026 817 2049 rerum
857 2014 1090 2063 pastoralium
1121 2019 1220 2050 certe
1249 2026 1323 2049 non

171 2078 275 2116 Ande
305 2077 340 2114 in
371 2091 488 2129 pago,
529 2079 760 2129 aegritudine
789 2080 977 2127 confecto,
1021 2080 1236 2118 collocatum
1267 2094 1324 2117 es-

171 2150 239 2183 set.
298 2144 384 2182 Veri
413 2144 527 2181 simile
557 2151 632 2190 est,
679 2154 866 2197 postquam
897 2152 1005 2198 poeta
1034 2147 1184 2198 ejusque
1214 2147 1325 2185 vicini

172 2225 239 2250 sua
267 2212 385 2249 securi
417 2212 534 2250 denuo
565 2214 756 2259 tenebant,
787 2220 869 2265 post
892 2220 1033 2251 sextam
1058 2213 1211 2251 aestatis
1236 2213 1323 2251 anni

171 2278 352 2326 Dccxlg
382 2292 475 2330 quae
504 2285 541 2317 et
562 2279 642 2331 ipsa
669 2282 714 2319 ad
736 2281 816 2319 illas
838 2281 962 2319 turbas
986 2280 1164 2332 pertinet3
1194 2281 1325 2332 quodsi
