1472 2620
188 182 251 224 50
517 175 718 213 ECLoGA
749 175 808 220 vr,
840 177 1034 214 74—77.

186 301 315 329 versus
354 286 480 324 refert.
538 287 708 337 Mopsus,
751 287 785 323 in
815 286 966 332 vicinia,
1004 286 1058 323 uti
1086 286 1258 324 credibile
1287 292 1355 339 est,

188 355 326 394 oraculi
356 353 510 391 materni
547 354 733 402 habitans,
777 368 799 392 a
823 354 1024 391 Calchante
1061 365 1217 405 peregre
1247 359 1355 392 eunte

188 424 442 473 interrogatus
472 426 548 458 est:

254 508 362 541 Miror
386 519 449 551 ego
476 520 550 542 mea
574 520 669 542 mens
693 510 850 553 intusque
873 513 1005 551 stupet,
1039 507 1218 551 caprificus

255 565 347 600 Quot
370 576 507 607 grossos
531 565 671 608 habeat,
696 566 849 608 gracilis3
884 576 1058 598 numerum
1083 564 1162 597 mihi
1187 563 1289 597 dices.

189 635 245 672 Ad
275 647 370 684 quae
400 634 552 686 Mopsus
584 636 799 686 respondet:

255 711 416 745 Millenae
441 723 579 745 numero
605 712 737 753 «luvies,
763 712 878 744 modus
904 715 1021 754 estque
1046 709 1252 749 medimnns3

261 768 409 800 Tantum
433 773 484 800 est
509 779 574 800 una
598 780 717 810 super,
745 768 874 801 modius
899 778 997 810 quarn
1022 777 1144 808 cogere
1168 766 1284 799 nescit.

372 823 531 864 Dixerat3
563 829 595 857 et
620 835 778 857 numerus
802 823 903 857 modii
928 834 1026 856 verus
1051 823 1114 855 suit
1136 823 1202 855 ille.

258 878 544 922 Calchantemque
568 880 666 912 simul
692 880 747 912 leti
773 880 855 913 texit
880 891 982 922 sopor
1007 880 1134 912 umbra.

190 949 265 985 Pro
316 947 481 999 Grynei
527 948 739 986 Hafniensis
784 949 829 986 D
878 949 1074 999 Cyrtaeaec’
1115 948 1224 986 habet
1268 947 1357 985 scri-

192 1016 259 1052 bae
290 1015 396 1054 vitio.

301 1097 506 1132 74-77,
565 1095 623 1130 Ex
660 1094 716 1130 his
754 1094 921 1132 versibus
957 1101 1034 1131 tres
1071 1094 1298 1144 posteriores
1336 1106 1356 1130 e

192 1160 268 1197 Ciri
298 1174 332 1198 v.
365 1164 546 1199 59-61
585 1161 631 1197 ad
662 1161 808 1199 verbum
841 1161 1006 1211 expressi
1032 1166 1136 1205 sunt,
1167 1160 1238 1197 nisi
1262 1161 1358 1210 quod

192 1241 259 1279 pro
290 1225 361 1264 Ah
389 1230 581 1273 timidos,
628 1228 873 1274 ferventiore,
916 1230 1146 1278 deprensos
1183 1227 1232 1265 ibi
1260 1228 1357 1265 lente

193 1295 337 1333 dicitur.
403 1295 606 1333 Praeterea
642 1296 703 1333 alii
740 1310 884 1347 quoque
929 1297 1053 1334 eximii
1088 1295 1159 1332 loci
1196 1296 1358 1346 ejusdem

193 1362 372 1414 poematis
401 1368 506 1408 sunt,
538 1377 629 1413 quos
660 1364 837 1416 Virgilius
869 1364 903 1400 in
934 1377 1071 1401 summa
1102 1363 1215 1414 ipsius
1246 1375 1358 1413 opera

194 1430 394 1467 transtulit.
455 1431 674 1477 Quaeritur,
706 1438 825 1468 utrum
856 1445 903 1468 ex
934 1445 1001 1468 suo
1031 1431 1192 1468 carmine
1214 1430 1359 1481 juveni-

194 1496 232 1542 li,
263 1497 559 1546 quemadmodum
586 1498 688 1547 plura
710 1512 729 1535 e
748 1500 907 1545 Galim,
940 1499 974 1535 in
1000 1498 1223 1548 perfectiora
1246 1510 1359 1548 opera

196 1565 409 1601 emendatos
439 1565 751 1615 transscripserit:
783 1580 828 1602 au
859 1566 903 1603 ab
934 1566 1053 1603 alieno
1084 1572 1121 1602 et
1151 1579 1173 1602 a
1202 1578 1356 1615 quonam

197 1644 261 1668 eos
292 1631 481 1681 petiverit3
513 1645 594 1668 nam
626 1633 866 1669 recentiorem
897 1634 1051 1683 aliquem
1082 1632 1226 1671 furtivis
1257 1633 1355 1670 colo·

198 1699 298 1736 ribus
329 1705 400 1736 tam
430 1698 599 1736 incallide
637 1713 722 1736 suas
761 1700 899 1750 plumas
937 1713 1159 1745 exornasse,
1206 1700 1241 1736 id
1276 1700 1356 1751 ipsa

199 1766 244 1803 ad
269 1766 465 1803 Messalam
494 1766 682 1817 inscriptio
713 1768 917 1819 redarguit.
976 1767 1118 1819 virgilii
1149 1774 1267 1804 autem
1295 1768 1355 1805 vix

199 1846 283 1870 esse
312 1846 455 1871 carmen
488 1840 629 1885 potest,
675 1848 800 1885 quum,
850 1840 996 1886 praeter
1026 1835 1256 1872 temerarium
1294 1835 1358 1872 ali-

200 1913 305 1950 quem
332 1901 427 1950 apud
445 1902 610 1940 Servium
636 1902 701 1948 w,
734 1910 769 1949 3,
801 1903 835 1939 id
867 1903 899 1940 ei
923 1916 967 1940 ne
992 1902 1257 1940 Grammaticus
1282 1902 1358 1952 qui·

201 1967 281 2005 dem
304 1967 457 2013 tribuat,
488 1983 604 2019 neque
630 1970 817 2007 exordium
842 1983 920 2007 cum
945 1971 1023 2021 ejus
1047 1976 1169 2008 aetate
1190 1976 1227 2007 et
1248 1969 1355 2007 rebus

199 2035 371 2086 privatis,
403 2049 471 2073 nec
500 2050 617 2074 sermo
649 2051 727 2075 cum
753 2039 831 2089 ejus
856 2038 1003 2088 suppari
1027 2043 1188 2088 tempore
1210 2036 1355 2087 scriptis

199 2106 394 2153 congruat.
445 2104 584 2141 Auctor
606 2106 665 2142 ubi
685 2105 879 2143 Messalam
900 2105 1096 2155 alloquitur
1117 2118 1148 2142 v.
1176 2110 1192 2142 1
1212 2125 1264 2132 -—
1283 2108 1352 2141 47:

199 2169 426 2220 Quamquam
454 2170 499 2207 ab
528 2171 643 2208 laudis
672 2186 793 2210 amore
824 2179 859 2210 et
889 2186 910 2210 a
931 2171 1050 2210 fallaci
1072 2184 1162 2208 aura
1189 2171 1355 2222 populari

198 2237 244 2273 ad
282 2236 423 2274 Atticos
457 2238 582 2275 hortos
618 2239 819 2289 sapientiae
847 2240 871 2276 i.
901 2252 932 2276 e.
962 2239 1164 2289 Epicureae
1200 2238 1356 2290 discipli-

200 2317 268 2341 nae
297 2317 337 2341 se
367 2309 576 2350 convertat,
620 2307 799 2345 Messalae
839 2312 956 2344 tamen
987 2307 1056 2344 hoc
1096 2319 1241 2351 muuuS‚
1287 2306 1351 2350 ait,
