1472 2620
459 134 658 173 ECLOGA
689 135 747 172 vl.
786 140 974 174 31—36.
1241 145 1297 184 25

142 251 305 295 tempora
339 246 487 284 heroica
522 260 636 297 usque
666 246 843 284 habuerit.
903 248 1071 289 Quatuor
1100 248 1298 286 elemento-

141 325 218 349 rum
255 312 452 363 primordia
480 318 611 351 coeunt
641 319 678 351 et
707 320 948 364 componunt,
986 315 1126 353 leviora
1154 316 1297 367 quidem

141 383 259 416 afirem
290 385 327 417 et
355 382 517 427 aethera,
547 381 723 433 graviora
754 388 886 419 terram
919 388 955 418 et
985 396 1083 420 mare
1114 387 1298 429 31—363

140 445 219 483 sole
258 452 294 484 et
333 448 454 497 pluvia
491 447 637 499 plantae
674 453 711 485 et
747 449 950 485 animantes
980 449 1071 486 liunt
1102 454 1298 496 37—403

140 512 238 551 vices
267 519 426 551 aetatum
456 514 680 552 terrestrium
713 528 826 565 usque
851 516 895 552 ad
920 516 1088 553 diluvium
1115 521 1298 563 41—423

140 584 303 630 tempora
348 582 513 627 heroica,
562 582 803 634 Argonautae
849 586 1067 628 43—4‘43
1116 584 1298 633 Pasiphae

139 649 261 685 45—
280 653 351 694 603
392 649 484 686 mala
512 649 753 699 Hesperidum
784 653 855 694 613
886 649 1052 686 Pha'e'ton
1085 654 1133 687 62
1153 671 1204 677 -ι
1226 655 1298 695 633

139 726 265 751 nemus
295 716 480 765 Gryneum
511 721 720 763 64—733
751 716 876 766 Scylla
906 721 1027 755 74-
1046 720 1117 761 773
1150 716 1298 753 Tereus

138 786 175 818 et
204 782 406 820 Philomela
435 790 486 823 78
505 806 554 814 -
575 790 641 822 81.

249 855 439 888 31—36.
498 852 676 900 Syronem
714 850 930 900 Epicureum
961 850 1153 902 Virgilium
1184 863 1300 900 aeque

136 928 179 953 ac
208 915 342 952 Varum
372 917 531 961 audisse,
562 930 606 954 ea
630 930 689 954 res
713 931 734 954 a
760 918 927 961 Donato,
959 918 1090 956 Servio
1117 923 1153 955 et
1172 918 1299 955 Pboca

136 995 257 1020 coram
294 983 506 1033 aequalibus
545 984 652 1034 plane
689 984 844 1020 inveniri
888 998 960 1021 non
991 982 1108 1037 magis
1140 991 1297 1035 poterat,

136 1063 241 1100 quam
277 1050 437 1101 alioquin
476 1064 600 1102 parum
640 1051 898 1101 perspicimus,
945 1052 1030 1101 qnid
1073 1066 1207 1089 causae
1238 1052 1296 1099 sit,

135 1131 200 1156 cur
241 1118 286 1155 ab
323 1118 514 1168 Epicureis
553 1119 710 1156 decretis
747 1132 892 1155 carmen
931 1120 1078 1155 ordiens
1118 1120 1213 1156 l'aro
1245 1119 1298 1156 in-

135 1186 307 1236 scriptum
332 1184 455 1224 suerit.
515 1186 667 1224 Servius
690 1200 734 1223 ea
759 1183 981 1223 auctoritate
1006 1185 1167 1223 conlisus
1189 1187 1298 1223 etiam

134 1253 228 1290 hanc
257 1253 381 1290 miram
410 1253 624 1304 allegoriam
656 1266 862 1303 proponere
892 1266 1003 1290 ausus
1027 1260 1101 1290 est:
1135 1254 1297 1290 Silenum

135 1332 217 1358 esse
248 1321 447 1370 Syronem,
478 1320 650 1356 Chromin
683 1326 720 1357 et
749 1320 954 1368 Mnasylum
985 1326 1130 1370 poe'tam
1163 1327 1199 1357 et
1227 1322 1297 1358 Va-

134 1399 231 1432 rum3
285 1387 475 1436 nympham
526 1394 646 1424 autem
699 1387 1017 1436 supervenientem
1062 1392 1297 1437 praeceptum

132 1452 350 1504 Epicureum
382 1459 680 1504 repraesentare:
715 1454 762 1490 nil
793 1453 872 1490 sine
902 1454 1091 1504 voluptate
1121 1467 1295 1491 summum

133 1519 406 1572 perfectumque
452 1534 547 1558 esse.
605 1521 738 1558 Verum
784 1521 868 1570 quid
910 1521 1039 1558 alienis
1078 1521 1294 1558 testimoniis

134 1601 225 1639 opus
255 1590 335 1626 esti
394 1589 477 1639 lpse
508 1589 684 1641 Virgilius
714 1588 749 1624 in
782 1588 1000 1633 Catalectis,
1045 1601 1195 1637 quorum
1220 1588 1294 1625 siu-

135 1668 241 1694 eerae
287 1656 444 1708 originis
489 1656 596 1694 fidem
633 1669 712 1694 cum
752 1655 1008 1693 Grannnaticis
1045 1654 1294 1696 Quintilianus

133 1735 277 1774 quoque
307 1728 344 1761 et
372 1724 558 1761 Ausonius
588 1724 748 1768 faciunt,
787 1727 1061 1773 praeceptorem
1092 1735 1194 1759 suum
1223 1722 1292 1771 Sy-

132 1803 258 1828 ronem
287 1791 412 1828 laudat
442 1792 526 1837 vll,
558 1797 602 1829 8:

242 1879 320 1916 Nos
350 1880 396 1916 ad
426 1880 555 1916 beatos
585 1880 666 1917 vela
696 1879 867 1914 mittimus
898 1882 1035 1927 portus,

243 1957 371 2009 Magni
403 1962 570 2008 petentes
600 1957 707 1993 docta
736 1956 832 1993 dicta
861 1955 1026 2005 Syronis,

245 2035 436 2085 vitamque
464 2036 509 2072 ab
540 2036 635 2072 omni
664 2034 922 2073 vindicabimus
952 2047 1052 2071 cura.

134 2124 285 2164 Decimo
332 2124 369 2162 in
418 2125 577 2162 carmine
624 2137 766 2175 quoque
811 2126 873 2161 ad
914 2125 1062 2160 villam
1105 2124 1289 2173 Syronis

136 2205 252 2243 prope
281 2205 303 2230 a
332 2192 472 2238 Roma,
509 2193 588 2237 ubi,
627 2191 705 2229 dum
735 2191 817 2243 agri
848 2191 1142 2228 describerentur
1171 2190 1291 2228 militi-

138 2260 217 2305 bus,
247 2259 343 2309 quod
372 2260 526 2303 videtur,
557 2260 639 2296 inde
669 2273 690 2295 a
718 2272 803 2297 vere
832 2259 917 2295 anni
950 2256 1148 2295 nccxm.
1178 2270 1294 2308 usque
