1515 2620
288 411 619 454 ECLOGA
647 409 715 453 X.
746 407 1243 451 nxPnlcavA.

346 564 774 610 ARGUMENTI
812 563 1195 606 NARRATIO.

531 726 597 764 AB
628 725 673 763 U.
707 726 751 764 C.
781 723 1003 762 Dccxvn.

219 836 287 880 M.
336 836 613 893 Vipsania
659 833 934 893 Agrippa
973 833 1034 875 L.
1077 832 1321 875 Caninio

593 911 762 956 Gallo
798 912 945 956 Coss.

377 1028 659 1067 VERNO
719 1026 1153 1064 TEMPoRE.

461 1139 624 1181 Virgilius
651 1149 776 1171 annum
801 1148 909 1179 agens
933 1135 1079 1170 32—33.

185 1283 259 1334 De
291 1296 399 1347 liujus
431 1296 607 1334 carminis
638 1296 788 1348 origine
819 1301 857 1334 et
887 1308 986 1333 anno
1018 1293 1107 1332 nihil
1126 1291 1369 1330 dubitationis

175 1363 358 1416 virgilius
402 1364 567 1414 reliquit.
636 1363 798 1414 Scripsit
836 1363 897 1409 id,
942 1361 1107 1399 ultimam
1153 1361 1370 1412 eclogarum

174 1443 207 1469 v.
241 1434 286 1475 1,
318 1443 340 1467 a
371 1431 481 1467 Gallo
512 1431 725 1468 admonitus
755 1444 789 1469 v.
822 1437 867 1477 3,
907 1434 993 1480 post
1023 1428 1158 1467 factam
1190 1439 1371 1480 agrorum

174 1495 394 1534 divisionem
425 1497 545 1534 amico
579 1498 638 1542 vl,
672 1501 739 1543 64,
769 1497 875 1547 cujus
906 1510 1022 1543 amor,
1054 1495 1228 1546 Lycoris,
1259 1493 1371 1532 alium

175 1566 381 1600 amatorem
413 1562 451 1599 in
483 1563 728 1614 expeditione
758 1577 793 1601 v.
827 1568 878 1601 23
913 1567 1018 1599 trans
1049 1563 1163 1611 Alpes
1193 1561 1240 1598 ad
1271 1561 1370 1597 Rhe-

175 1643 259 1666 num
297 1642 417 1679 usque
454 1643 489 1667 v.
530 1634 711 1668 46—48
751 1628 1017 1673 comitabatur,
1063 1628 1147 1664 dum
1185 1627 1221 1664 in
1262 1626 1370 1664 ltalia

175 1696 259 1746 ipse
291 1709 326 1735 v.
359 1700 526 1735 44—46
558 1700 692 1733 contra
724 1695 950 1733 domesticos
981 1695 1109 1731 hostes
1141 1707 1244 1731 arma
1272 1693 1371 1731 fere-

173 1763 250 1800 bat.
320 1763 434 1800 Certo
473 1762 702 1813 conspicitur
746 1776 865 1799 annus
906 1762 1134 1806 Dt'sxvn,
1187 1761 1295 1812 cujus
1332 1760 1368 1797 in

176 1842 265 1867 vere
297 1830 498 1867 Caesarem
531 1830 662 1867 Gallus
705 1843 809 1867 oram
844 1829 973 1866 ltaliae
1011 1827 1274 1865 defendentem
1305 1827 1370 1865 ad-

171 1896 271 1946 juvit
301 1902 435 1934 contra
464 1898 573 1934 Sext.
605 1897 823 1947 Pompejum
855 1895 947 1933 mari
977 1895 1249 1939 dominantem3
1281 1907 1368 1932 con-

177 1962 258 1999 sule
288 1963 477 2015 Agrippa,
523 1964 585 2013 qui
622 1968 769 2001 aestate
805 1962 894 2000 anni
935 1962 1123 1999 Decxvl
1163 1961 1369 2000 exercitum

178 2033 283 2066 trans
312 2030 427 2080 Alpes
457 2035 590 2067 contra
621 2029 751 2067 Gallos
782 2034 820 2066 et
844 2031 1052 2068 Germanos
1081 2029 1180 2066 ultra
1200 2029 1369 2065 Rhenum

178 2095 359 2142 duxerat,
401 2097 558 2142 cursim,
597 2097 644 2134 ad
675 2096 810 2135 victam
841 2097 999 2134 classem
1029 2095 1300 2134 restituendam
1331 2099 1370 2132 et

180 2167 326 2212 portum
357 2163 498 2201 Julium
527 2164 626 2215 apud
657 2164 770 2215 Bajas
800 2164 1053 2209 condendum,
1087 2163 1230 2200 ltaliam
1262 2174 1368 2213 repe·

178 2233 301 2275 tente3
332 2228 380 2266 cs.
410 2242 444 2268 v.
476 2234 656 2270 44—49.

294 2294 489 2346 Virgilius,
519 2310 715 2347 personam
731 2310 872 2349 gerens
890 2296 1061 2347 caprarii,
1079 2296 1239 2339 Gallum,
1261 2294 1365 2338 facit,
