1515 2620
515 173 719 212 ECLOGA
747 175 797 221 X,
832 180 953 215 1-3.
1248 181 1329 221 197

136 284 324 337 juveniles
354 290 524 333 conatus,
555 285 718 324 carmine
748 286 888 324 rustico
921 285 1088 337 primum,
1119 287 1225 338 cujus
1255 301 1329 325 ma-

143 352 276 390 teriam
316 366 365 390 ex
396 352 637 404 Euphorione
666 353 819 398 sumsit,
857 353 1016 405 gloriam
1047 353 1117 391 sibi
1148 359 1186 391 et
1215 355 1329 405 majo-

142 433 222 457 rum
254 420 573 470 exspectationem
605 425 905 470 comparaverat3
936 434 1035 458 nunc
1065 426 1188 458 autem
1219 421 1329 458 ardo-

142 499 204 524 res
234 486 268 524 ei
299 486 451 537 pulchra
479 486 672 537 Lycoris
702 487 902 524 carminum
933 487 1140 538 injiciebat,
1171 500 1220 525 ex
1250 487 1329 538 qui-

143 554 211 591 hus
243 553 423 606 Virgilius
460 567 493 592 v.
528 551 581 592 46
620 554 797 591 nonnulla
834 554 964 600 habet,
1006 558 1043 591 et
1081 568 1175 604 quae
1215 555 1328 591 multo

141 626 240 672 post,
273 621 379 671 quasi
397 620 496 658 Galli
526 633 619 671 opus
650 622 809 658 maxime
840 621 1058 667 immortale,
1090 634 1170 658 cum
1194 621 1328 673 elegiis

141 687 300 733 Tibulli,
331 687 377 725 ab
409 687 540 726 Ovidio
571 700 654 726 am.
687 689 714 733 l,
748 691 798 726 15
829 688 1042 725 laudantur.
1074 688 1218 728 Quodsi
1236 689 1327 726 scri-

140 753 224 801 hae,
256 768 366 805 quum
397 759 543 793 veteres
562 754 833 792 Grammaticos
865 759 1126 804 excerperent,
1157 755 1327 804 Cytheri-

140 821 222 859 dem
261 822 491 860 meretricem
529 821 694 871 Lycorin
731 834 816 860 esse
851 821 1111 867 autumabant,
1148 834 1243 871 quae
1272 822 1324 867 M,

138 889 363 935 Antonium,
404 888 531 926 neseio
569 889 738 938 quando,
781 889 817 925 in
850 889 1008 926 Galliam
1047 894 1205 938 sequuta
1241 902 1326 927 esse

139 955 294 1002 dicitur3
333 968 406 992 non
439 959 708 1005 reputaverunt
738 955 781 1000 ii,
823 968 930 1005 quam
960 954 1131 992 facerent
1161 961 1325 1006 spretum

139 1023 285 1060 Gallum
317 1022 652 1060 adolescentulum.
698 1022 852 1058 Antonii
883 1022 979 1059 enim
1011 1036 1092 1059 cum
1124 1023 1325 1072 Cytheride

138 1090 371 1127 consuetudo
419 1089 528 1126 annis
575 1093 657 1126 erat
696 1089 829 1126 DCCV
871 1090 917 1127 ad
955 1102 1089 1127 aunum
1129 1090 1326 1137 Decvm

137 1170 222 1195 uam
253 1157 354 1194 sulio
372 1157 538 1194 Caesare
568 1156 812 1207 improbante,
847 1156 908 1206 qui
930 1157 1000 1193 hoc
1020 1162 1208 1207 postremo
1226 1170 1324 1194 anno

137 1223 369 1262 Alexandria
399 1224 564 1269 redibat,
595 1223 799 1271 Antonius,
839 1224 1040 1261 secundum
1072 1225 1323 1270 Plutarchum,

135 1291 366 1330 meretricem
404 1291 562 1338 dimisit,
608 1295 646 1329 et
676 1291 862 1337 Fulviam,
906 1304 1060 1329 uxorem
1100 1291 1245 1337 Clodii,
1286 1291 1322 1328 in

135 1358 407 1397 matrimonium
446 1358 573 1405 duxit3
613 1359 711 1409 quod
748 1365 835 1396 ante
866 1372 1000 1395 armum
1032 1362 1133 1396 certe
1165 1358 1322 1395 DCClX

135 1426 273 1464 sactum
304 1431 374 1464 cst.
405 1427 560 1463 Amator
589 1425 706 1477 igitur
722 1426 852 1464 Gallus
883 1425 1051 1476 proxime
1081 1425 1321 1471 antecedens,

134 1494 182 1531 ud
212 1506 365 1544 puerum
396 1492 665 1543 deprimeretur
694 1506 874 1530 annorum
913 1492 972 1530 vix
1013 1492 1195 1538 sedecim3
1233 1505 1322 1530 con-

134 1560 240 1599 tinuo
279 1572 460 1610 sequeus,
507 1572 642 1596 anuum
681 1559 887 1611 attingeret
933 1558 1050 1608 ipsum
1092 1558 1319 1597 vicesimum.

133 1627 208 1669 Qui
251 1627 368 1664 malus
403 1626 540 1678 genius
586 1626 652 1662 hos
697 1625 917 1662 temerarios
955 1625 1009 1661 sic
1048 1625 1191 1661 somnio
1230 1625 1319 1663 lusit

134 1694 347 1744 Cytheridis
384 1692 572 1738 famosae,
620 1692 702 1728 dum
742 1691 962 1742 Propertius
1009 1697 1046 1728 et
1084 1691 1240 1730 Ovidius
1280 1697 1319 1730 et

132 1761 318 1799 Martialis
334 1759 499 1810 Lycorin
531 1763 671 1796 tantum
702 1758 902 1809 simplicem
926 1758 1150 1796 cernebant?
1181 1759 1317 1796 Verum

131 1829 178 1866 de
209 1841 318 1866 manu
351 1826 384 1863 in
418 1839 563 1863 manum
594 1826 744 1863 tradere
774 1826 1202 1876 volebantinterpretes,
1234 1826 1315 1863 Vir-

130 1895 256 1948 gilius,
288 1894 348 1944 qui
378 1892 516 1931 factum
548 1893 608 1938 sit,
641 1898 698 1937 ut,
731 1906 839 1942 quum
870 1907 916 1930 ex
949 1897 1084 1943 quarto
1114 1893 1208 1930 libro
1240 1894 1314 1931 Ge-

131 1962 346 2014 orgicorum
366 1961 511 1998 Gallum
543 1959 735 2005 deleverit,
766 1961 836 1997 hoc
856 1960 889 1997 ei
909 1973 1056 1998 carmen
1071 1960 1313 2010 relinqueret.

130 2030 172 2066 Si
203 2029 315 2067 ultius
353 2028 557 2074 iutuemur,
597 2027 751 2065 Servius
782 2028 919 2077 inquit,
958 2027 1184 2078 vituperatio
1216 2027 1314 2064 inest

130 2102 171 2134 et
201 2095 320 2141 Galli,
359 2095 420 2145 qui
453 2094 548 2144 turpi
580 2094 695 2131 amori
723 2094 886 2132 servisse
917 2094 1045 2139 debet,
1078 2099 1115 2131 et
1144 2094 1312 2140 Antonii,

128 2175 252 2213 quem,
282 2167 415 2200 contra
445 2175 582 2198 morem
604 2162 822 2206 Romanum,
855 2161 1028 2210 t'ytheris
1059 2161 1169 2198 estin
1189 2165 1313 2199 castra

128 2229 318 2268 comitato.
380 2229 481 2266 Haec
510 2228 658 2267 taudem
689 2227 966 2279 argumentatio
997 2240 1116 2277 paene
1147 2227 1313 2265 manibus

128 2296 305 2348 prehendi
336 2299 496 2347 poterat.
