1472 2620
405 135 608 174 ECLOGA
638 135 715 182 vn,
749 140 793 174 21
811 139 939 188 ἠως.
1207 140 1261 178 77

92 261 283 300 perperam
315 247 477 295 referat,
509 262 662 300 poenam
694 248 893 293 mendacii,
923 248 1104 299 pustulam
1134 247 1170 284 in
1195 247 1261 284 lin-

89 329 168 369 gua
196 315 377 363 futuram,
415 317 561 354 metuit:

202 393 385 426 Bucolicae
408 393 549 433 Musae,
581 391 728 425 salvete!
770 397 803 424 et
827 392 929 425 (licite
953 403 1107 434 carmen,

203 449 294 482 Olim
320 448 408 492 quod
434 447 541 480 cecini
566 458 677 480 coram
704 448 895 491 pastoribus
920 449 1004 488 illis-3

203 505 340 538 Excitet
362 503 396 536 in
420 503 537 546 lingua
560 515 689 536 sumina
713 515 755 537 ne
781 506 947 547 pustulam
973 504 1130 537 edacem!

92 585 183 622 Nam
213 584 428 636 interpretis
458 584 601 635 quidem
625 584 670 621 ad
692 598 725 622 v.
752 589 802 623 28
829 585 1017 622 enarratio
1042 590 1264 636 argumento

92 657 166 698 est,
198 647 308 705 (ρίσῃ
340 666 420 690 eum
451 652 610 705 legisse,
641 651 749 702 idque
779 665 859 689 eum
889 652 936 689 ad
967 648 1051 704 [ρὁ
1079 652 1264 690 retulisse.

100 719 315 766 Volebam,
362 720 459 770 quod
497 733 570 757 una
607 732 685 758 cum
724 719 854 756 Servio
900 719 1144 769 antiquissimi
1182 719 1267 756 libri

93 793 323 839 agnoscunt,
375 788 497 838 prisco
539 800 639 824 more
677 787 851 838 scriptum
898 792 955 824 est
992 801 1057 837 pro
1097 788 1266 824 vellem.

93 855 149 892 lta
185 855 341 892 Plautus
378 855 467 892 dicit
494 855 622 893 Asin.
668 856 718 901 ΙΙ,
759 859 800 899 4,
834 860 906 894 46:
956 856 1048 892 Sed
1074 858 1113 891 si
1152 856 1265 892 (lomi

92 930 178 967 est,
208 922 520 960 Demaenetum
538 923 727 959 volebam
741 939 754 967 ,·
787 923 936 972 ipseque
956 923 1133 974 Virgilius
1157 923 1184 967 Ι,
1211 925 1264 960 79

89 995 271 1039 poteras
314 1003 380 1041 pro
406 1001 571 1037 posse-9.
641 989 862 1035 Volebam,
910 991 1005 1040 quod
1038 989 1132 1027 falso
1174 990 1265 1027 scri-

93 1062 192 1108 ptum
223 1061 298 1103 est,
329 1058 360 1095 si
391 1057 477 1095 terri
507 1063 653 1108 posset,
696 1058 826 1096 Servio
857 1058 892 1094 id
923 1058 1127 1108 interprete
1156 1057 1265 1095 levis-

92 1124 183 1162 sime
212 1123 411 1162 ferremus:
467 1126 599 1163 Musae
628 1125 781 1162 alternis
810 1125 1016 1162 canentium
1055 1125 1265 1163 meminisse

94 1192 284 1238 volebant,
329 1192 543 1244 aspirabant
572 1194 735 1243 utrique3
781 1199 1035 1243 praeterquam
1068 1193 1166 1244 quod
1200 1195 1265 1230 al-

94 1266 239 1298 ternos
269 1265 342 1296 tum
373 1261 515 1299 variata
551 1264 737 1311 potestate
773 1273 839 1297 sua
879 1261 1055 1310 sequitur.
1119 1262 1264 1307 Verum,

93 1326 127 1364 si
157 1327 207 1364 ita
237 1327 397 1374 dicatur,
443 1341 515 1364 nou
554 1328 672 1379 magis
710 1327 743 1364 id
782 1328 929 1378 jejune,
976 1341 1080 1379 quam
1122 1330 1263 1365 incerto

94 1394 271 1439 consilio,
312 1395 445 1432 dictum
477 1395 542 1441 sit3
591 1408 671 1432 nam
703 1395 795 1431 idem
828 1408 909 1432 esse
940 1401 1084 1445 posset:
1132 1396 1263 1433 Musae

94 1462 320 1499 alternorum
351 1462 548 1499 carminum
579 1462 679 1512 ipsae
702 1462 908 1499 meminisse
936 1463 1128 1510 volebant;
1161 1464 1262 1502 vole-

96 1529 202 1576 bant,
232 1534 273 1566 ut
297 1529 347 1566 illi
375 1542 500 1567 eorum
523 1529 768 1575 memineriut3
801 1530 992 1576 volebant,
1024 1536 1064 1568 ut
1085 1544 1161 1583 ego
1185 1553 1259 1566 —.

95 1598 171 1635 Pro
192 1597 412 1635 carminibus
435 1597 598 1634 binorum
618 1610 799 1641 versuum,
826 1611 920 1647 (piae
941 1598 975 1634 in
1000 1599 1108 1636 tertia
1126 1599 1264 1651 ecloga

95 1665 312 1712 miscentur,
349 1665 418 1701 boc
447 1664 590 1715 quidem
625 1664 707 1700 lo‘co
737 1665 857 1701 onmia
888 1671 1148 1714 quaternorum
1182 1680 1262 1704 ver-

97 1745 200 1770 suum
230 1736 332 1769 sunt:
384 1732 505 1782 qualia
533 1732 630 1769 illico
668 1732 831 1770 invenire
870 1746 941 1768 nou
972 1731 1080 1772 facilc
1110 1733 1261 1784 cujusli-

99 1800 160 1838 bet
186 1804 318 1850 poetae
346 1805 440 1837 erat.

211 1871 259 1905 21
301 1888 354 1895 —
394 1871 458 1904 24.
524 1865 695 1914 Corydon
733 1866 953 1912 modestiae,
1002 1867 1184 1905 amicitiae
1223 1872 1261 1905 et

98 1935 276 1972 honestae
312 1932 504 1984 dignitatis
538 1933 755 1969 documenta
790 1933 876 1971 edit.
942 1934 1043 1971 Dens
1075 1940 1258 1985 precatur,

98 2005 140 2039 ut
169 2001 258 2046 sibi,
303 2014 409 2051 quum
441 2000 518 2051 ipse
548 2013 670 2051 parum
703 2000 840 2045 valeat,
895 2001 968 2039 tale
998 2002 1148 2052 aliquod
1180 2016 1262 2040 car-

100 2081 200 2115 men,
249 2068 355 2119 quale
399 2068 540 2114 Codro,
589 2067 700 2118 ipsius
745 2068 879 2112 amico,
933 2068 1133 2118 inspirent3
1184 2074 1261 2116 aut,

101 2136 133 2174 si
162 2135 279 2173 minus
308 2149 328 2174 e
357 2136 470 2187 vulgo
503 2135 618 2186 possit
647 2148 855 2187 emergere,
902 2136 1116 2173 renuntiare
1153 2136 1261 2186 plane

102 2204 180 2244 vult
207 2203 290 2242 arti.
346 2203 502 2255 Egrcgii
532 2202 665 2252 aliquid
694 2208 758 2239 ant
788 2202 890 2239 nibil!
937 2203 990 2239 lta
1020 2203 1163 2241 nobiles
1200 2217 1257 2241 ar-

100 2271 220 2310 tifices
255 2270 436 2316 sentiunt,
481 2269 559 2320 qui,
604 2282 682 2307 cum
720 2269 871 2321 ingenio
909 2269 1021 2307 annui
1058 2270 1256 2309 bonitatem
