1515 2620
179 148 268 188 154
551 137 756 175 ecLoGA
786 137 887 182 vm,
919 141 986 176 68.

179 253 372 299 crificare,
409 262 539 295 urere,
577 247 754 298 quoniam
783 246 970 285 infaustas
998 245 1197 285 verborum
1225 247 1373 301 signifi-

180 321 351 359 cationes
387 318 424 355 in
464 314 582 353 sacris
621 315 833 352 actionibus
872 313 1055 352 vitabant.
1119 313 1373 353 Masculum

179 385 281 425 thus
326 385 406 423 sive
452 380 686 434 σταγωίἀς,
735 383 939 427 stillam,
986 381 1071 417 thus
1117 380 1374 430 appellabatur

178 451 342 490 Arabiae
373 450 569 501 optimum,
612 448 832 494 candidum,
863 447 995 500 granis
1024 451 1161 484 natura
1190 447 1374 493 rotundis,

179 519 290 569 quale
319 517 367 555 ad
396 515 583 555 sacrificia
614 515 893 565 requirebatur:
933 515 1198 560 masculum,
1239 514 1376 564 quippe

179 583 376 629 eximium,
419 588 484 621 aut
514 596 537 620 a
567 587 671 620 certa
701 582 857 632 quadam
888 581 1129 618 similitudine
1158 580 1256 618 Plin.
1286 581 1375 626 Xll,

180 656 253 698 323
283 649 435 688 feminei
465 662 599 687 nomen
631 663 705 686 non
738 654 822 687 erat
851 649 887 686 in
919 661 989 685 usu
1020 647 1070 685 cs.
1101 647 1172 685 Lb.
1197 648 1244 693 ll,
1278 652 1372 686 117.

182 718 380 765 Οοηῂιω,
435 722 601 763 amatus,
654 731 688 754 v.
740 722 805 755 18.
886 715 1123 762 Avertere,
1172 714 1374 761 declinare,

179 786 405 829 alienare,
449 784 589 820 amoris
633 782 801 819 nimirum
844 783 890 818 ad
933 782 1130 820 insaniam.
1189 783 1375 819 Homerus

181 850 271 888 dicit
291 846 486 899 βλάπτειν
510 863 535 901 (J
545 846 662 899 ρέψας
684 847 796 894 ἐΐσας
815 849 951 899 Odyss.
973 848 1073 895 xlv,
1111 853 1201 894 178,
1232 848 1375 893 XXln,

183 922 248 956 14.
294 916 513 954 Hafniensis
544 916 590 953 J)
620 916 732 953 habet
764 916 979 965 Confugis
1011 924 1055 953 et
1081 919 1271 965 magicis
1302 927 1375 951 sa-

179 996 257 1021 nos
303 991 506 1021 avertere
551 995 705 1021 seu-3218
751 986 970 1032 experiar
1008 986 1178 1019 sacris:
1223 987 1376 1032 praeter

181 1062 349 1087 normam
379 1050 662 1101 compositionis
693 1049 904 1095 verborum,
936 1049 1138 1086 secundum
1169 1062 1278 1098 quam
1309 1062 1375 1086 an-

181 1117 442 1154 tecedentibus
466 1116 661 1167 adjectivis
688 1115 923 1152 substantiva
948 1127 1017 1151 sua
1040 1114 1226 1164 aequalibi
1244 1114 1376 1152 ordine

181 1184 446 1235 subjungenda
457 1188 558 1220 sunt.
592 1181 727 1220 Mltil
737 1185 827 1219 nisi
843 1185 1045 1219 carmina
1054 1182 1204 1219 exlibro
1215 1182 1374 1219 Veneto.

181 1250 330 1301 Reliqui
341 1264 421 1289 cum
431 1251 566 1288 Servio
583 1247 705 1287 m'ln‘l
713 1246 785 1286 hic
800 1252 890 1286 nisi
905 1252 1117 1286 carmina.
1148 1247 1375 1286 A’ileilnin·

180 1322 382 1356 carmina
397 1318 578 1356 tle-emet:
610 1316 754 1366 reliqua
770 1316 893 1353 omnia
908 1321 1058 1367 praesto
1076 1321 1175 1361 sunt,
1206 1316 1375 1354 incanta-

181 1389 307 1422 menta
336 1386 446 1421 modo
476 1384 678 1422 carminum
711 1384 912 1421 ordiamur.
972 1384 1020 1419 Et
1043 1383 1142 1420 illico
1159 1396 1204 1421 ca
1217 1383 1374 1420 orditur.

296 1455 362 1490 68.
422 1451 578 1487 Versum
610 1455 683 1486 tam
715 1451 838 1487 tenuis
870 1450 1104 1502 argumenti,
1137 1452 1375 1488 devotioni-

181 1517 261 1554 bus
308 1530 404 1554 enm
442 1517 671 1566 reducam,
720 1521 831 1566 po'eta
869 1522 942 1554 tam
981 1517 1112 1554 creber
1150 1517 1312 1554 inventis
1342 1516 1375 1553 si

180 1587 307 1634 potest
343 1583 406 1622 vix
447 1582 588 1619 frustra
627 1583 829 1632 repetisse3
869 1584 927 1619 hic
958 1596 1105 1632 quoque
1134 1596 1208 1620 non
1240 1583 1375 1629 minus,

181 1662 289 1700 quam
329 1650 376 1687 ad
416 1649 633 1686 redeuntem
674 1662 820 1687 versum
861 1654 1015 1699 poetae,
1055 1649 1136 1698 qui,
1180 1656 1376 1700 postquam

181 1721 295 1755 cantu
325 1716 551 1767 praeiverat,
582 1717 724 1753 honore
748 1716 906 1753 habetur
934 1715 1102 1761 inferior,
1135 1716 1234 1753 actio
1252 1721 1376 1754 mente

180 1783 393 1835 adjicienda
439 1784 522 1821 erit.
596 1783 676 1820 Illic
725 1783 863 1820 moduli
899 1783 1152 1832 sequebantur
1189 1782 1225 1818 in
1265 1783 1376 1829 tibia3

179 1851 240 1888 hic
270 1871 323 1878 —
355 1851 442 1900 quid
474 1851 574 1888 aliud
605 1851 766 1895 tandem,
799 1863 906 1900 quam
938 1850 984 1886 ad
1015 1850 1223 1888 volventem
1256 1855 1375 1887 rotam

180 1930 317 1969 magne
348 1923 575 1960 murmurata
605 1917 767 1955 formula
798 1917 1012 1955 devotionis
1044 1917 1167 1954 caecis
1198 1930 1375 1954 sonorum

180 1983 425 2022 anfractibus.
488 1986 534 2021 Et
582 1985 731 2035 magica
774 1985 899 2021 rotula
943 1990 981 2020 et
1019 1984 1100 2020 dira
1145 1984 1374 2034 imprecatio,

179 2064 274 2101 quae
319 2056 401 2089 erat
439 2065 487 2089 ex
527 2051 740 2102 peregrinis
771 2057 808 2088 ct
839 2050 1090 2087 ineffabilibus
1121 2050 1244 2088 verbis
1275 2050 1373 2087 Plin.

180 2118 365 2164 xxvlll,
413 2122 457 2165 4,
504 2123 577 2155 tam
626 2123 846 2156 constanter
885 2117 1144 2167 requirebatur
1181 2117 1228 2153 ad
1267 2130 1377 2154 sacra

180 2184 362 2233 venefica,
393 2190 435 2223 ut
465 2190 588 2236 pocta,
618 2185 815 2235 utriusque
846 2185 1006 2236 speciem
1037 2197 1105 2220 sua
1136 2188 1273 2233 sponte
1304 2183 1374 2220 sibi

179 2251 439 2290 insormaturis
477 2252 608 2302 peritis
646 2252 886 2302 aequalibus,
931 2265 976 2289 ea
1013 2249 1263 2302 significanda
1292 2255 1374 2288 tan-
