1472 2620
143 149 174 188 6
259 142 460 180 ECLOGA
491 142 553 179 vl.
594 142 895 180 ARGUMENT!
926 141 1201 179 NARRATlo.

145 266 224 291 eum
264 253 472 292 dividundis
508 252 757 304 praepositum
795 252 910 290 fuisse
941 253 1084 290 Galliae
1120 254 1314 305 Transpa-

145 321 283 367 danae,
316 327 364 366 et,
396 326 481 371 post
506 319 709 357 Pollionem
741 320 823 357 inde
853 319 1075 370 profectum,
1107 320 1316 370 provinciae

146 401 225 426 cum
256 388 408 438 imperio
448 386 665 437 praefuisse.
726 387 831 432 Vari,
869 392 979 437 poeta
1008 386 1245 437 promiserat,
1284 387 1316 424 si

145 455 333 492 Mantuam
371 459 555 500 servaret,
595 453 755 492 carmine
791 454 918 491 laudes
948 454 1153 498 celebrare3
1191 453 1317 490 condi-

147 522 267 567 tione,
306 521 429 571 aliqua
468 535 515 559 ex
553 527 658 572 parte
694 528 814 567 certe,
855 522 1021 572 expleta,
1060 522 1148 558 haec
1185 521 1320 573 ecloga

147 589 235 626 Vari
273 589 414 626 laudem
456 587 541 626 fert.
610 589 728 640 ligitur
771 595 875 626 aetas
912 589 959 626 sit
996 588 1083 626 auni
1120 588 1318 634 Dccxv.,

147 669 275 706 quum,
316 656 539 693 tricesimum
578 669 710 693 annum
750 661 859 706 po'e'ta
895 669 1032 707 agens,
1074 662 1156 706 post
1193 669 1318 706 pacem

145 723 404 761 Brundisinam
425 723 582 760 extremi
599 723 683 760 anni
703 723 869 773 proxime
886 723 1087 773 superioris
1101 721 1212 775 (Arg.
1225 722 1318 773 nl),

147 791 352 829 Octaviano
398 791 639 841 imperatore,
691 791 736 826 ad
781 791 1011 841 tranquillam
1059 790 1166 840 patrii
1207 790 1321 841 agelli

148 858 420 909 possessionem
445 858 621 902 redisset,
653 864 712 903 ut,
745 858 855 895 moris
882 857 1033 895 maturis
1063 870 1097 895 v.
1117 861 1202 901 22,
1233 857 1321 895 deo·

149 938 227 962 rum
258 925 480 963 silvestrium
513 925 720 976 sppeculari
751 931 882 963 cantus
913 924 1085 975 potuerit.

261 993 349 1030 Eam
381 1006 476 1037 rein,
517 1006 563 1029 ex
597 993 728 1029 blanda
759 992 854 1029 Galli
885 992 1107 1043 apellatione
1137 991 1322 1042 conjicere

148 1059 276 1105 liceat,
314 1060 409 1096 liunc
439 1065 476 1096 et
506 1059 642 1110 ipsum,
683 1060 814 1110 quippe
846 1059 989 1109 utrique
1020 1058 1192 1102 amicum,
1233 1073 1322 1096 non-

148 1126 235 1163 nihil
273 1126 477 1178 adjuvisse3
515 1139 644 1176 quum,
682 1127 813 1164 Servio
851 1133 1023 1171 auctore,
1063 1140 1085 1163 a
1124 1126 1324 1164 triumviris

149 1200 304 1231 censere
335 1194 368 1231 ei
401 1207 464 1230 eas
496 1194 605 1230 urbes
636 1194 845 1230 mandatum
876 1193 1008 1239 fuerit,
1048 1207 1198 1244 quarum
1238 1193 1323 1245 agri

149 1273 223 1297 non
262 1260 589 1298 distribuebantur.
650 1261 797 1306 Gallus,
838 1260 898 1310 qui
936 1273 1033 1297 anno
1070 1261 1325 1312 septingente-

150 1327 242 1364 simo
274 1328 447 1365 vicesimo
479 1334 633 1373 octavo,
672 1327 993 1379 quadragesimum
1028 1341 1162 1365 annum
1194 1341 1325 1380 agens,

150 1394 325 1446 Aegypto
357 1407 436 1431 cum
468 1394 620 1445 imperio
651 1393 884 1444 praefectus,
916 1407 1057 1430 manum
1087 1395 1155 1431 sibi
1187 1395 1323 1441 intulit,

152 1466 239 1498 tunc
278 1461 421 1512 quidem
461 1461 497 1498 in
537 1474 669 1498 anuum
708 1461 915 1499 vicesimum
953 1461 1143 1512 septimum
1181 1462 1326 1515 ingres-

151 1541 214 1566 sus
246 1534 345 1575 erat3
377 1541 484 1579 quam
514 1528 549 1565 in
582 1535 739 1566 aetatem
772 1536 807 1566 et
839 1529 1073 1567 auctoritatis
1096 1529 1265 1582 gravitas
1290 1535 1328 1567 et

152 1594 299 1633 firmata
330 1596 454 1647 poesis
484 1596 563 1634 laus
594 1610 628 1634 v.
662 1601 727 1635 «54.
759 1597 891 1634 cadere
923 1603 1059 1647 potest.

265 1663 594 1701 Grammaticorum
613 1665 766 1715 denique
783 1663 932 1710 fabella,
948 1665 1164 1701 ciceronem
1182 1676 1326 1714 quoque

154 1730 248 1767 hanc
273 1732 454 1782 eclogam,
486 1744 593 1781 quum
618 1745 640 1768 a
658 1732 855 1782 Cytheride
881 1732 1073 1769 meretrice
1101 1737 1328 1777 cantaretur,

155 1796 399 1848 stupefactum
440 1799 607 1845 audisse,
653 1808 689 1836 et
728 1800 870 1837 laudem
909 1800 953 1837 de
992 1813 1031 1837 se
1071 1806 1105 1835 et
1144 1799 1188 1835 de
1220 1803 1330 1849 poeta

157 1865 405 1909 exclamasse,
437 1879 542 1915 quam
575 1867 610 1903 in
635 1867 809 1905 Aeneidis
841 1868 931 1912 XH,
969 1872 1056 1905 168.
1089 1872 1220 1916 postea
1249 1866 1330 1903 illa-

157 1937 229 1969 tam
260 1946 354 1977 esse,
386 1947 430 1970 ea
462 1933 561 1970 nulla
590 1935 909 1972 animadversione
940 1934 1054 1986 digna
1081 1941 1150 1971 est.
1200 1932 1255 1970 Ad
1281 1932 1331 1978 X,

159 2003 197 2038 2.
233 2000 461 2044 docebimur,
508 2013 613 2050 quam
656 2015 781 2052 parum
822 2002 915 2039 istos
952 2001 1115 2039 homines
1151 1999 1196 2036 de
1235 1998 1331 2036 Galli

159 2067 277 2118 deque
307 2067 519 2118 Cytheridis
550 2069 820 2106 consuetudine
850 2070 983 2107 animis
1012 2067 1246 2105 deliberasse.
