1515 2620
477 144 683 183 ECLOGA
713 144 779 191 lX,
813 149 866 183 30
875 149 991 185 -36.
1239 151 1324 192 175

138 255 312 302 tradidit,
355 260 491 307 poetae
520 256 710 307 praedium
741 256 952 308 integrum,
992 257 1206 295 Mantuanis
1237 271 1324 308 pars

138 324 262 374 aliqua
291 336 442 360 suorum
472 337 650 375 agrorum
683 324 956 362 restitueretur.
1015 325 1192 363 Misera
1223 325 1325 362 Cre-

137 405 285 436 mona,
331 390 572 428 miseratione
610 390 730 440 magis
771 404 878 440 quam
918 392 1159 429 accusatione
1198 392 1324 444 digna.

138 458 260 496 Poeta
290 462 372 495 erat
401 458 615 502 honestior,
656 470 762 507 quam
796 462 854 502 ut,
896 457 941 495 de
973 458 1080 496 victis
1112 460 1324 505 detrahens,

137 525 298 562 blandiri
344 524 518 563 voluerit.
599 526 789 561 Consueta
837 538 1000 575 cycnus
1045 531 1204 576 poe'seos
1244 531 1326 563 erat

136 592 284 644 imago,
316 592 378 642 qui
408 598 494 643 post
524 591 692 628 detectas
723 605 744 628 a
773 592 1079 630 Phocaeensibus
1111 598 1232 630 terras
1263 606 1325 630 oc-

137 658 364 704 cidentaleS,
410 659 455 696 ab
486 663 612 696 aetate
642 657 817 703 Hesiodi,
860 664 972 695 cantu
1004 672 1072 696 suo
1104 660 1181 697 ales
1211 660 1325 710 Apol-

136 725 203 763 lini
233 729 384 763 sacrata
414 738 498 763 esse
528 725 814 763 existimabatur
833 726 924 776 Epp.
942 726 1059 775 Mytb.
1078 727 1122 772 ΙΙ,
1159 731 1321 764 11—13

139 791 356 844 (49—51).
417 794 523 845 Ager
553 793 691 830 circum
721 793 912 829 Mantuam
943 792 1014 830 Lb.
1048 794 1100 838 ll,
1135 797 1227 839 199,

272 863 387 896 Pascit
413 863 469 906 qui
495 864 613 897 niveos
638 863 783 896 herboso
808 862 948 895 flumine
973 874 1110 904 cycnos,

135 927 184 964 ad
214 925 340 963 tritam
370 926 592 977 allegoriam
624 939 668 963 eo
701 926 848 963 facilius
879 927 1099 964 deducebat.
1159 927 1322 973 Profe-

135 1001 255 1040 rent,
307 992 448 1031 certius
478 992 740 1043 promittente,
775 993 941 1039 ferant
968 994 1079 1031 Hafn.
1110 1007 1258 1044 quoque
1291 993 1330 1033 C

134 1061 260 1099 habet.

249 1132 428 1168 30—36.
488 1128 564 1165 Per
594 1128 729 1174 omnia,
763 1141 858 1179 quae
887 1129 1080 1181 agricolae
1111 1142 1199 1166 cara
1222 1135 1323 1176 sunt,

135 1195 294 1233 obsecro
325 1199 384 1240 te,
429 1195 567 1241 Moeri,
607 1196 764 1247 amplius
794 1209 908 1234 canas
939 1197 985 1234 de
1015 1197 1210 1234 Menalcae
1241 1210 1323 1234 car-

134 1262 311 1300 minibus!
359 1262 463 1308 Scis,
515 1268 691 1313 quantum
739 1276 813 1315 ego
855 1264 952 1301 bona
989 1264 1154 1302 carmina
1190 1277 1322 1302 amem.

134 1330 220 1380 lpse
250 1328 434 1366 tantillum
466 1330 546 1380 ejus
577 1343 657 1367 sum
688 1327 848 1383 negotii,
880 1331 978 1381 quod
1009 1336 1141 1382 poetas
1165 1336 1322 1378 vocant3

134 1409 376 1448 quamquam,
418 1410 499 1434 meo
530 1397 707 1443 arbitrio,
748 1411 827 1435 cum
859 1398 958 1435 veris
988 1397 1192 1435 artificibus
1224 1411 1322 1435 com-

132 1469 300 1515 paratus,
333 1469 498 1515 nugator
529 1469 682 1501 tantum.
714 1487 768 1492 —
801 1464 981 1515 Virgilius
1012 1464 1069 1501 sui
1100 1464 1216 1515 ipsius
1242 1465 1322 1502 lau-

133 1530 294 1576 dationi,
325 1531 373 1567 ad
403 1543 511 1581 quam
541 1530 626 1568 finis
657 1544 739 1568 eum
771 1531 985 1581 propositus
1016 1531 1165 1582 coegit,
1196 1531 1321 1569 mode-

131 1602 257 1644 ratur,
288 1597 421 1649 partim
453 1598 595 1635 rustica
625 1598 814 1634 laudantis
845 1598 1104 1648 simplicitate:
1147 1599 1207 1648 qui
1239 1598 1320 1649 ejus

131 1679 264 1705 versus
295 1665 433 1702 nullam
463 1665 571 1702 aliam
603 1665 649 1701 ob
681 1678 755 1701 rem
781 1670 852 1700 tam
876 1665 1048 1701 lubenter
1065 1665 1180 1710 audit,
1211 1678 1320 1715 quam

132 1733 306 1784 quoniam
345 1732 447 1783 ipse,
487 1744 560 1781 qua
596 1732 721 1768 socius
760 1731 868 1781 hujus
909 1732 1042 1769 nobilis
1074 1732 1320 1771 versificatio-

130 1800 209 1846 nis,
252 1799 387 1849 aliquis
419 1811 502 1835 esse
534 1799 681 1836 videtur
711 1799 911 1849 agricolis,
956 1813 1036 1837 cum
1067 1800 1318 1838 celeberrimis

130 1866 162 1904 is
192 1871 269 1903 tum
300 1865 478 1915 temporis
509 1865 668 1910 vatibus,
701 1879 919 1915 quamquam
950 1880 1091 1904 summa
1121 1868 1316 1914 modestia,

130 1938 254 1971 tamen
308 1933 362 1969 sic
407 1945 554 1982 quoque
599 1946 640 1970 se
686 1946 904 1983 comparare
949 1947 1082 1980 ausus;
1130 1935 1315 1985 quomodo

113 2007 249 2052 'paene
293 2000 434 2051 peritus
480 1999 615 2050 aliquis
666 2006 798 2037 cantor
839 2001 1002 2038 rusticus
1046 2002 1237 2038 Hemleliis
1278 2006 1317 2039 et

129 2067 315 2106 Seliulziis
355 2068 521 2104 modeste
559 2081 600 2104 se
630 2073 843 2118 postponat.
904 2069 1063 2113 Partim,
1103 2070 1201 2119 quod
1233 2082 1316 2107 ver-

129 2148 194 2172 sus
233 2139 285 2173 44
323 2135 477 2185 probat,
518 2148 564 2171 cx
598 2135 752 2171 materia
784 2136 979 2185 majorem,
1020 2149 1127 2185 quam
1160 2150 1207 2173 cx
1240 2142 1315 2174 tra-

128 2202 310 2247 ctatione,
342 2202 508 2251 Lycidae
540 2202 668 2239 tribuit
699 2202 945 2252 voluptatem3
978 2203 1058 2253 ejus
1084 2203 1313 2253 potissimum

127 2269 307 2316 interest,
337 2282 406 2320 pro
436 2270 592 2307 Mantua
623 2270 807 2308 servanda
837 2270 974 2308 babere
1004 2270 1181 2308 carmina.
1242 2272 1313 2308 ltu-
