1472 2620
438 144 640 183 ECLOGA
670 144 750 190 Vll,
784 150 803 182 1
819 148 922 184 —5.
1211 153 1264 191 71

91 255 132 295 ἕν
159 249 355 303 ἐλαύνειν,
396 262 433 294 et
462 257 499 294 in
530 257 742 294 Nemesiani
772 258 836 303 ΙΙΙ,
869 262 921 297 67
951 258 1191 295 conducere
1221 263 1267 295 in

91 337 241 369 mmm,
272 323 334 360 ubi
365 328 441 370 est,
472 324 617 360 domum
647 337 799 376 cogere.
858 325 973 361 Ambo
998 325 1156 376 juvenes
1179 324 1266 362 Ar-

91 393 234 437 cades,
265 391 446 429 Arcadico
466 403 621 443 genere,
647 391 717 428 etsi
738 391 846 428 iidem
868 392 1069 443 indigenae
1088 393 1115 438 Ι,
1146 396 1265 439 1-5,

93 463 149 506 et,
196 458 361 496 Arcades
397 471 505 509 quum
541 458 635 503 sint,
681 458 727 495 ad
766 460 985 496 cantandum
1025 474 1098 496 non
1137 459 1266 506 minus,

93 539 200 577 quam
231 525 277 562 ad
306 525 601 577 respondendum
633 525 765 576 parati.
825 527 991 564 Theocr.
1023 528 1125 572 Vlll,
1161 534 1202 566 3:

180 603 309 636 Flavus
335 606 476 646 uterque
499 601 622 642 comis,
656 613 739 645 puer
762 602 916 644 impubes
942 608 975 636 et
999 607 1154 645 uterque,

180 657 335 691 Fistulae
361 663 501 702 uterque
524 657 654 700 sciens,
685 661 820 691 cantare
845 663 879 692 et
902 659 1021 691 doctus
1046 664 1200 701 uterque.

93 727 276 774 Arcades,
320 732 448 766 narrat
476 727 654 778 Polybius
685 727 745 773 lV,
778 732 830 766 20
846 726 904 778 ⁰),
948 729 1035 780 lege
1059 728 1184 779 juberi
1222 729 1268 765 ad

95 796 317 834 tricesimum
354 809 487 833 annum
517 808 634 846 usquc
671 795 743 832 arti
781 795 941 832 musicae
979 808 1127 846 operam
1167 796 1268 832 dare.

94 863 221 901 Prima
249 863 408 913 pueritia
445 864 599 913 hymnos
638 867 675 900 et
713 876 874 913 paeanes
913 863 1086 900 heroibus
1124 868 1162 900 et
1199 863 1270 899 diis

94 929 226 981 patriis
256 942 411 975 canere3
456 936 588 980 postea
626 931 753 966 modos
784 931 981 967 Philoxeni
1012 936 1050 968 et
1079 931 1271 968 Timothei

94 996 240 1043 doceri,
285 1000 324 1034 et
352 997 550 1047 quotannis
593 997 708 1034 sacris
738 997 928 1047 Dionysiis
960 1012 1095 1048 pueros
1125 998 1270 1048 quidem

95 1078 163 1103 sua
191 1064 370 1116 quaedam
401 1064 621 1110 certamina,
668 1066 926 1102 adolescentes
965 1071 1086 1103 autem
1118 1079 1162 1103 ea
1198 1066 1270 1102 sal-

94 1137 196 1179 tare,
246 1145 340 1183 quae
369 1132 531 1171 virorum
569 1132 753 1170 dicuntur.
821 1134 859 1169 ln
892 1133 1072 1171 conviviis
1104 1134 1272 1185 gaudere

93 1213 169 1238 non
195 1203 268 1237 tam
292 1200 511 1238 adventiciis
537 1200 865 1245 delectationibus,
899 1213 1005 1250 quam
1028 1201 1184 1239 invicem
1212 1214 1272 1238 ca-

95 1272 241 1306 nentes.
300 1267 341 1303 ln
372 1267 454 1305 aliis
484 1268 625 1304 artibus
657 1268 781 1304 rudem
812 1281 894 1305 esse
924 1268 1056 1314 licere3
1095 1269 1130 1305 in
1162 1274 1272 1306 cantu

96 1336 241 1387 quidem
272 1339 422 1385 praeter
450 1334 557 1386 leges
587 1334 622 1371 id
647 1340 684 1371 et
708 1340 814 1385 turpe
838 1349 932 1373 esse.
993 1336 1158 1373 (Jhoreas
1180 1349 1273 1386 quo-

97 1416 168 1454 que
206 1402 242 1439 in
280 1402 391 1439 armis
428 1402 639 1439 saltantium
676 1402 822 1452 puhlico
862 1409 981 1439 sumtu
1023 1402 1221 1452 quotannis
1251 1415 1274 1440 a

92 1469 292 1523 juvenibus
322 1469 358 1506 in
400 1469 554 1505 theatris
585 1469 676 1506 dari.
743 1469 919 1519 Polybius
956 1475 1084 1507 censet
1115 1468 1272 1521 (utinam

97 1539 178 1591 ejus
207 1536 426 1575 sententiam
457 1535 645 1574 civitatum
675 1541 884 1574 nostrarum
923 1538 1176 1575 moderatores
1207 1552 1272 1575 ex-

97 1605 303 1657 audiant!),
334 1608 450 1642 artem
480 1604 651 1641 musicam
683 1605 804 1656 legem
836 1619 1017 1655 operosae
1048 1611 1086 1642 et
1116 1619 1273 1656 asperae

98 1674 198 1714 vitae
227 1672 410 1710 Arcadum
441 1672 487 1708 ad
516 1671 751 1708 lenimentum
784 1673 1048 1718 destinavisse,
1088 1686 1161 1710 una
1192 1687 1272 1711 cum

98 1741 204 1780 feriis
233 1739 388 1792 publicis
418 1743 456 1776 et
485 1738 676 1777 sacrificiis
700 1740 860 1778 virorum
886 1746 922 1777 et
946 1740 1155 1786 nudior-um,
1187 1741 1274 1778 cho-

99 1808 175 1846 reis
197 1820 344 1858 quoque
366 1806 550 1858 virginum
580 1812 616 1842 et
639 1820 852 1856 pnerormn3
883 1813 920 1844 et
942 1807 1176 1845 etl'eratorum
1200 1810 1274 1859 Cy-

101 1874 357 1913 naethensium
395 1873 565 1923 exemplo
602 1874 766 1911 Arcades
803 1875 993 1920 admonet,
1043 1879 1199 1913 caveant
1236 1879 1274 1912 et

101 1942 261 1994 sapienti
292 1941 461 1978 instituto
489 1954 534 1977 ne
562 1954 728 1991 umquam
753 1943 869 1979 :ninus
894 1943 1081 1980 obediant.
1112 1966 1166 1970 —
1197 1943 1274 1980 sed

101 2010 200 2048 inter
229 2008 483 2061 elegantiores
508 2009 672 2046 homines
702 2015 822 2047 tamen
842 2011 1025 2055 Arcades,
1057 2016 1187 2047 cantus
1211 2024 1273 2061 pe-

102 2077 183 2123 riti,
226 2077 262 2114 in
296 2077 421 2114 sedum
453 2080 706 2115 montanarum
737 2077 936 2115 solitudine
968 2092 1035 2115 sua
1066 2078 1274 2116 ineruditae

104 2150 142 2184 et
170 2145 338 2197 stupidae
376 2144 493 2195 plebis
523 2144 639 2182 instar
682 2143 814 2181 famosi
845 2150 964 2183 erant.
1024 2146 1274 2184 Philostratus

192 2289 226 2332 ⁰)
253 2288 295 2322 cs.
320 2289 443 2324 Athen.
469 2289 700 2334 Deipnosoph.
749 2288 840 2331 XIV,
865 2289 887 2323 5
912 2302 943 2334 p.
970 2290 1047 2324 626.
