1515 2620
208 159 293 197 212
554 148 758 186 ECLOGA
789 147 846 193 X,
878 153 1055 186 26—30.

211 263 444 315 Tarquinius
461 261 614 299 Priscus
645 260 681 298 in
701 259 890 311 Capitolio
921 259 1069 313 signum
1099 267 1398 300 consecraverat.

212 332 329 383 quod,
369 329 542 380 quoniam
572 327 686 366 fictile
717 332 821 374 erat,
852 328 1040 365 Censores
1070 333 1108 364 et
1138 340 1267 365 munus
1295 343 1400 366 suum

213 400 384 436 ineuntes
425 402 464 434 et
501 396 630 433 diebus
660 394 768 433 festis
798 397 1070 433 miniandum
1100 394 1274 432 locabant
1305 395 1400 434 Plin.

213 465 394 512 xxxin,
429 470 494 504 36.
525 463 685 508 XXXV,
718 468 792 510 453
824 464 882 501 cui
915 463 1032 500 eidem
1063 462 1236 499 relationi
1254 462 1401 500 Plutar-

214 534 305 571 chus
336 532 478 570 addidit
509 545 580 583 qn.
611 545 714 568 rom.
747 536 818 578 98,
858 531 970 583 signa
1006 531 1159 567 deorum
1197 530 1402 581 antiquitus

215 601 329 639 rubro
371 601 470 652 picta
506 599 635 637 fuisse.
696 598 770 649 lpsi
806 599 996 650 agricolae
1034 598 1070 635 in
1107 597 1402 635 Bacchanalibus

216 683 284 707 ora
314 682 383 706 sua
412 667 602 713 fucabant,
633 666 936 717 quemadmodum
966 664 1132 703 faecibus
1162 665 1237 703 vini
1266 664 1337 702 Lb.
1357 664 1401 712 ll,

217 742 312 781 380,
345 736 399 773 ita
431 735 542 772 minio
574 747 847 784 nonnumquam
879 734 969 771 Tib.
1002 734 1047 780 ll,
1083 740 1118 778 1,
1151 737 1216 772 55.
1249 732 1402 770 Trium-

215 804 372 855 phantes
402 816 560 853 quoque,
591 802 791 840 secundum
822 802 993 846 Plinium,
1024 801 1237 839 nominatim
1268 799 1403 838 Camil·

216 872 287 917 lus,
318 870 430 907 minio
462 870 547 907 olim
578 870 835 922 tingebantur,
865 874 903 906 et
932 875 1127 922 unguenta
1156 881 1302 920 semper
1317 881 1402 906 coe-

217 951 288 976 nae
319 938 549 989 triumphalis
578 938 829 975 miscebantur
859 937 983 974 minio.
1041 937 1245 982 Ebnlmn,
1278 937 1402 972 Sam-

217 1007 352 1044 ὄπι-πε
382 1006 554 1051 ebulus,
599 1006 726 1056 planta
764 1010 822 1043 est
851 1005 1025 1042 sambuco
1056 1005 1203 1049 similis,
1241 1017 1336 1055 quae
1366 1003 1404 1040 in

218 1074 386 1112 caulibus
426 1074 622 1111 humilibus
660 1072 750 1110 folia
787 1073 904 1125 longa
941 1079 977 1109 et
1008 1072 1132 1118 fusca,
1176 1078 1214 1109 et
1242 1083 1404 1122 superne

218 1141 416 1191 corymbos
454 1140 585 1178 florum
625 1146 662 1178 et
694 1141 887 1178 baccarum
920 1140 1046 1177 colore
1076 1139 1286 1192 sanguineo
1316 1138 1404 1176 fert.

217 1209 417 1255 Baccme,
456 1209 588 1260 quihus
618 1209 699 1246 Pan
730 1222 772 1245 os
804 1208 875 1245 sibi
905 1206 1119 1253 fucaverat,
1152 1207 1311 1258 proximi
1342 1219 1405 1243 su-

217 1277 376 1329 perioris
414 1277 500 1314 anni
540 1282 637 1313 sunt.
698 1276 908 1322 stliaium,
958 1276 1107 1314 verbum
1147 1274 1401 1326 Hispanicum,

217 1344 451 1383 cinnabari
491 1350 572 1382 erat
609 1347 823 1390 teate’vmn,
865 1356 988 1396 genus
1029 1343 1211 1394 quoddam
1242 1342 1314 1382 vivi
1343 1355 1404 1380 ur-

219 1413 345 1465 genti,
376 1412 481 1450 venis
512 1411 720 1463 sulphureis
751 1412 983 1463 permixtum.
1043 1411 1199 1455 Graeci,
1230 1410 1291 1461 qui
1321 1422 1404 1447 sae-

219 1479 312 1518 culis
342 1479 378 1516 id
409 1485 493 1530 post
524 1480 721 1516 Homerum
754 1485 950 1526 noverunt,
982 1475 1134 1528 &alnov
1163 1479 1222 1524 id,
1254 1491 1404 1515 arenam

220 1547 435 1591 rubentem,
466 1546 726 1593 nominabant,
758 1552 797 1584 et
826 1547 958 1597 partim
991 1547 1137 1583 nomine
1167 1559 1313 1596 quoque
1345 1545 1404 1581 ln-

221 1615 327 1652 dicae
357 1614 581 1659 cinnabaris,
613 1613 755 1651 fructus
786 1627 833 1651 ex
852 1614 1048 1651 Dracacna
1068 1614 1239 1650 Dracone
1270 1613 1404 1649 arbore

223 1683 364 1735 pridem
395 1682 493 1728 noti,
525 1676 761 1733 mrvdp'ugn:
809 1694 881 1731 qna
912 1694 952 1718 re
984 1681 1086 1718 noxii
1117 1681 1336 1718 accidebant
1367 1679 1405 1717 in

222 1750 407 1789 medicina
439 1763 599 1787 errores.
659 1749 810 1786 Homeri
839 1749 980 1797 ¹111')Jo;
1010 1756 1091 1786 erat
1122 1748 1290 1785 rubrica:
1331 1761 1404 1798 quo

223 1832 270 1857 ex
302 1831 443 1871 genere
474 1816 645 1868 SinopiS,
685 1830 779 1867 quae
811 1830 857 1853 ex
890 1816 1127 1867 Cappadocia
1158 1816 1310 1867 primum
1341 1829 1406 1866 per

224 1886 410 1938 Sinopen,
452 1892 583 1936 postea
613 1898 678 1936 per
710 1884 890 1936 Ephesios
921 1885 1206 1930 divemlebatur,
1246 1884 1407 1921 maxime

225 1960 307 1992 erat
336 1954 492 1991 celebris
522 1952 618 1990 Plin.
650 1953 829 1998 xxxin,
863 1957 914 1991 3ss
946 1968 994 1989 ss.
1028 1952 1186 1997 XXXV,
1222 1959 1286 1991 13.
1325 1952 1406 1988 Pan

225 2022 515 2073 alloquutioncm
552 2034 655 2057 suam
692 2034 863 2058 sermone
901 2020 1029 2057 ebullit
1067 2020 1223 2057 hominis
1254 2019 1404 2065 morosi,

226 2090 288 2141 qui
325 2094 363 2127 et
400 2089 478 2140 ipse
520 2089 690 2140 insuper,
732 2102 839 2139 quum
871 2088 1055 2140 Syringa,
1095 2088 1203 2138 Pityn
1237 2096 1273 2125 et
1305 2088 1406 2125 Echo

227 2163 380 2204 amaret,
404 2157 643 2195 acerbitatem
659 2156 836 2194 Amoris
849 2162 949 2194 esset
967 2161 1156 2207 expertus·
1189 2155 1407 2193 Similitudi-

227 2246 320 2278 nium
345 2246 377 2278 h.
405 2257 437 2278 n.
464 2246 527 2287 36,
552 2245 594 2288 4,
620 2244 679 2279 14:
711 2248 874 2279 menelaum
898 2257 1007 2279 conam
1030 2250 1244 2288 nryumema,
1280 2246 1405 2277 lacerta

227 2306 323 2344 atque
344 2311 443 2333 raom.
