1451 2603
276 567 704 618 ECLOGA
773 565 1144 612 SEXTA.

457 749 502 795 V
570 751 618 796 A
687 748 733 794 R
802 748 844 793 U
914 748 968 794 S.

213 907 384 977 Prima
409 932 643 985 Syracosio
676 932 855 986 dignata
890 936 958 973 est
988 931 1139 973 ludere
1169 945 1298 972 versu

123 1000 308 1055 Nostra,
339 1014 422 1042 nee
455 999 625 1041 erubuit
655 998 786 1040 silvas
818 997 1035 1052 habitare,
1068 998 1243 1040 Thalia.

126 1067 263 1116 Quum
312 1082 517 1110 canerem
562 1081 694 1122 reges
751 1072 794 1108 et
846 1065 1038 1121 praelia,
1096 1065 1303 1118 Cynthius

662 1148 811 1175 aurem

123 1202 280 1256 Vellit,
319 1208 364 1244 et
402 1203 640 1244 admonuit:
686 1202 942 1254 Pastorem,
991 1199 1168 1254 Tityre,
1216 1201 1304 1256 pin-

661 1283 770 1322 gues

124 1335 322 1377 Pascere
343 1341 512 1390 oportet
530 1349 656 1387 oves,
692 1336 924 1375 deductum
946 1334 1091 1375 dicere
1111 1342 1330 1378 earmeu.5

123 1402 248 1444 Nune
269 1416 373 1456 ego,
405 1415 592 1456 namque
624 1415 755 1454 super
785 1400 859 1440 tibi
885 1406 1029 1454 erunt,
1062 1401 1130 1456 qui
1156 1401 1303 1442 dicere

661 1467 837 1520 laudes,

122 1534 263 1587 Van-e,
296 1541 394 1576 tuas
427 1534 622 1589 cupiant,
656 1540 699 1575 et
728 1534 869 1575 tristia
901 1535 1090 1576 condere
1123 1534 1255 1589 bella,

122 1601 358 1657 Agrestem
392 1603 507 1644 tenui
540 1602 783 1644 meditabor
815 1602 1022 1643 arundine
1055 1603 1239 1644 Musam.

121 1669 217 1711 Non
254 1670 417 1723 injussa
456 1666 584 1712 cano!
654 1669 700 1710 Si
739 1668 832 1724 quis
871 1675 1018 1710 tamen
1058 1670 1170 1712 haee
1203 1684 1303 1726 quo-

659 1751 764 1792 que,
798 1736 832 1776 si
865 1736 957 1791 quis

125 1802 290 1858 Captus
330 1818 478 1845 amore
516 1803 660 1858 legat3
707 1809 750 1844 te
790 1810 990 1856 nostrae,
1030 1803 1171 1857 Varo,
1210 1818 1354 1857 my-10

658 1871 792 1922 ricae,

122 1936 193 1978 Te
223 1950 376 1978 nemus
417 1950 543 1978 omne
580 1943 722 1978 canet.
792 1937 885 1981 Nec·
915 1936 1095 1979 Phoebo
1134 1939 1299 1993 gratior

656 2004 746 2044 ulia
779 2010 858 2058 est,

124 2069 264 2117 Quam
284 2069 363 2110 sibi
383 2084 494 2125 quae
511 2070 616 2114 Vari
637 2072 920 2127 praescripsit
945 2072 1106 2128 pagina
1129 2088 1295 2115 nomen.

234 2159 438 2213 pergite,
481 2161 693 2202 Pierides.
763 2161 961 2203 Chromis
999 2168 1042 2204 et
1072 2163 1297 2215 Mnasylos

656 2228 696 2270 in
727 2235 850 2271 antro

122 2291 316 2335 Silenum
349 2294 469 2348 pueri
501 2308 650 2335 somno
682 2296 826 2339 vidore
849 2298 1090 2349 ‚iacentenb
