1472 2620
412 148 613 187 ECLOGA
643 147 721 194 Vll,
753 151 946 187 14—20.
1213 152 1270 191 75

103 259 193 298 dicit
221 259 284 306 Ill,
316 262 381 306 55,
413 260 449 298 id
478 273 526 298 ne
557 260 786 311 exprimente
815 260 978 310 quidem,
1011 259 1189 297 occultam
1211 272 1271 296 co-

103 328 322 381 gitationem
351 328 445 366 lenis
475 327 635 374 susurri,
666 340 772 378 quem
802 332 908 365 vetus
938 340 1067 366 versus
1093 327 1272 365 Victorini

103 396 136 433 ll
166 410 203 447 p.
237 400 345 436 2530
374 395 522 433 laudat:

238 484 344 525 Tale,
369 484 467 526 quale
490 493 568 517 vere
592 482 689 514 dulce
713 481 824 515 sibilat
847 487 935 515 teres
960 482 1086 515 donax.

103 564 186 601 Non
215 563 269 601 ita
298 564 425 614 procul
451 577 472 601 a
496 563 584 601 sede
608 575 794 613 quercu-e
825 567 905 599 erat
928 562 1024 607 alta,
1055 562 1167 599 arbor
1190 562 1276 601 ‚lovi

103 632 310 669 Dodonaeo
341 644 492 676 sacra,
539 631 643 681 cujus
673 643 694 667 e
724 635 855 666 trunco
896 634 1026 666 cavato
1065 634 1277 667 examina

103 712 235 749 apum
263 699 503 736 resonabant.
560 698 664 735 Hanc
695 709 842 736 suavem
870 696 1068 748 imaginem
1092 697 1276 734 Theocri-

104 770 165 804 tus
193 766 245 804 ita
274 767 385 804 habet
415 767 442 812 Ι,
476 771 573 805 106;

192 873 237 879 ——-
260 873 303 878 ——
329 856 415 887 Sunt
439 865 544 897 prope
569 864 711 897 quercus
737 856 855 896 estque
879 863 1035 895 cyperos,

190 910 238 943 Et
260 920 368 953 prope
392 920 474 952 apes
497 910 596 941 dulce
620 910 660 941 ad
687 909 813 941 mellita
838 909 985 941 alvearia
1009 908 1164 942 stridunt.

102 989 252 1042 Virgilii
282 989 402 1042 patria
431 987 565 1026 fertilis
595 1002 701 1038 apum
734 996 832 1033 erat,
865 1003 1015 1039 quarum
1049 991 1138 1036 mel,
1170 1004 1278 1041 sapo-

102 1057 155 1095 ris
179 1056 458 1109 jucundissimi,
502 1056 557 1094 vel
590 1069 670 1093 cuin
700 1057 868 1105 Hyblaeo
900 1062 1009 1107 poeta
1040 1059 1067 1103 Ι,
1100 1062 1150 1096 54
1182 1072 1278 1095 com-

103 1125 272 1176 parabat.
332 1126 432 1176 Apes
463 1130 601 1161 exeunt
621 1124 665 1161 ab
697 1129 780 1161 ortu
800 1125 1065 1175 Vergiliarum,
1097 1126 1120 1162 i.
1153 1140 1183 1163 e.
1211 1127 1277 1163 sub

102 1192 211 1230 finem
233 1192 390 1244 Aprilis,
421 1205 538 1242 usque
568 1193 613 1229 ad
645 1192 738 1228 diem
770 1192 1013 1230 solstitialem.
1072 1194 1129 1230 Ad
1152 1197 1277 1241 riltas

101 1261 246 1311 quidem
276 1258 438 1298 viridis
476 1273 542 1310 pro
582 1261 744 1297 virides
785 1260 905 1296 otiose
943 1266 1043 1298 essct
1081 1262 1276 1313 adjectum,

103 1341 213 1379 quum
244 1327 340 1378 prati
370 1327 470 1377 ripas
496 1328 592 1363 ultro
621 1326 756 1363 virides
784 1326 968 1379 fingamus
992 1329 1131 1375 auium3
1164 1331 1277 1368 stlite-

103 1398 170 1433 cio
201 1399 323 1432 autem
343 1394 548 1444 speciosius
573 1394 609 1430 id
631 1395 823 1444 adjicitur,
855 1398 1015 1433 virenti
1038 1397 1149 1434 variis
1175 1398 1277 1447 plan-

102 1462 152 1500 tis
183 1461 427 1512 palustribus,
457 1462 555 1498 unde
585 1462 654 1498 Lb.
688 1462 731 1507 ll,
767 1466 843 1500 199
876 1462 968 1498 idem
987 1465 1158 1510 flumem
1180 1462 1277 1503 leer-

105 1529 245 1568 bosum
289 1529 513 1566 nominatur.
579 1528 753 1574 Accedit,
799 1530 897 1579 quod
935 1533 1097 1568 virides
1136 1533 1278 1570 duobus

103 1601 245 1636 tantum
278 1596 313 1634 in
344 1596 447 1634 libris
485 1596 631 1646 scriptis
664 1597 938 1646 reperiebatur,
985 1599 1155 1647 «pluuium
1194 1600 1279 1637 reli-

104 1665 166 1717 qui
196 1678 343 1711 omnes,
374 1665 544 1715 interque
574 1678 637 1700 eos
669 1664 891 1701 llafuieuses
921 1678 1087 1715 quoque,
1118 1667 1278 1707 viridis

104 1733 303 1774 Mincius
334 1745 417 1770 esse
447 1732 647 1784 ponebant.

219 1816 269 1851 14
285 1833 337 1839 —
355 1816 420 1849 20.
479 1811 674 1847 Abireinue
696 1824 741 1846 an
765 1813 969 1848 manerem?
1019 1812 1117 1864 Agrii
1139 1827 1161 1850 a
1181 1814 1278 1853 lacte

106 1879 249 1930 depulsi
279 1882 366 1916 ante
395 1878 643 1927 vespertinum
675 1877 794 1927 frigus
836 1878 932 1915 iutra
969 1880 1150 1917 stabulum
1189 1883 1278 1935 cogi

104 1947 298 1991 volebant,
338 1958 405 1983 nec
433 1945 562 1982 aderat
592 1945 802 1982 ancillarum
833 1946 967 1996 aliqua.
1029 1949 1277 1987 verumenim-

105 2027 196 2055 vero
240 2013 348 2064 quale
385 2017 569 2051 certamen
615 2013 771 2063 qualium
810 2018 998 2064 poetarum
1041 2018 1274 2065 certantium,

109 2081 209 2134 quod
238 2080 366 2118 audire
397 2081 579 2131 poteram!
612 2081 812 2118 Consilium
844 2082 1011 2118 constitit
1042 2088 1077 2120 et
1101 2085 1274 2124 remansi.

107 2171 162 2180 -
191 2148 380 2198 Alcippe
411 2153 448 2186 ct
478 2147 649 2199 Phyllis
678 2149 861 2186 Meliboee
891 2149 1075 2196 serviunt,
1117 2152 1177 2202 qui
1207 2167 1274 2204 pro

110 2216 240 2254 ordine
269 2229 337 2254 suo
367 2216 459 2254 satis
489 2217 684 2267 opulentus
713 2221 813 2263 erat,
857 2230 1000 2268 unaque
1031 2232 1109 2256 curu
1153 2221 1274 2271 capris

111 2298 200 2325 oves
236 2296 381 2336 quoque
416 2285 556 2332 alebat3
610 2285 759 2336 pauperi
798 2285 933 2323 Mureti
970 2286 1101 2323 colono
1132 2288 1271 2326 Simulo
