<?xml version="1.0" encoding="UTF-8"?>
<!DOCTYPE html PUBLIC "-//W3C//DTD XHTML 1.0 Transitional//EN"
    "http://www.w3.org/TR/xhtml1/DTD/xhtml1-transitional.dtd">
<html xmlns="http://www.w3.org/1999/xhtml" xml:lang="en" lang="en">
 <head>
  <title>
</title>
<meta http-equiv="Content-Type" content="text/html;charset=utf-8" />
  <meta name='ocr-system' content='tesseract 3.04.00' />
  <meta name='ocr-capabilities' content='ocr_page ocr_carea ocr_par ocr_line ocrx_word'/>
</head>
<body>
  <div class='ocr_page' id='page_1' title='image "./eclogaevix00virguoft_0038.png"; bbox 0 0 1472 2620; ppageno 0'>
   <div class='ocr_carea' id='block_1_1' title="bbox 231 135 1069 181">
    <p class='ocr_par' dir='ltr' id='par_1_1' title="bbox 231 135 1069 181">
     <span class='ocr_line' id='line_1_1' title="bbox 231 135 1069 181; baseline 0.004 -8"><span class='ocrx_word' id='word_1_1' title='bbox 231 141 291 181; x_wconf 78' lang='lat'><strong>52</strong></span> <span class='ocrx_word' id='word_1_2' title='bbox 554 135 754 174; x_wconf 84' lang='lat' dir='ltr'><strong>ECLOGA</strong></span> <span class='ocrx_word' id='word_1_3' title='bbox 784 136 844 173; x_wconf 79' lang='lat' dir='ltr'><strong>Vl.</strong></span> <span class='ocrx_word' id='word_1_4' title='bbox 882 139 1069 176; x_wconf 81' lang='lat'><strong>47—60.</strong></span> 
     </span>
    </p>
   </div>
   <div class='ocr_carea' id='block_1_2' title="bbox 223 246 1385 972">
    <p class='ocr_par' dir='ltr' id='par_1_2' title="bbox 223 246 1385 972">
     <span class='ocr_line' id='line_1_2' title="bbox 229 246 1385 299; baseline 0 -12"><span class='ocrx_word' id='word_1_5' title='bbox 229 247 306 287; x_wconf 82' lang='lat' dir='ltr'><strong>voti</strong></span> <span class='ocrx_word' id='word_1_6' title='bbox 334 247 516 297; x_wconf 67' lang='lat' dir='ltr'><strong>Pasiphae</strong></span> <span class='ocrx_word' id='word_1_7' title='bbox 545 261 692 298; x_wconf 86' lang='lat' dir='ltr'><strong>compos</strong></span> <span class='ocrx_word' id='word_1_8' title='bbox 720 246 820 285; x_wconf 85' lang='lat' dir='ltr'><strong>sacta</strong></span> <span class='ocrx_word' id='word_1_9' title='bbox 849 253 923 294; x_wconf 89' lang='lat' dir='ltr'><strong>est,</strong></span> <span class='ocrx_word' id='word_1_10' title='bbox 955 253 992 285; x_wconf 92' lang='lat' dir='ltr'><strong>et</strong></span> <span class='ocrx_word' id='word_1_11' title='bbox 1022 247 1172 299; x_wconf 78' lang='lat' dir='ltr'><strong>conjugi</strong></span> <span class='ocrx_word' id='word_1_12' title='bbox 1201 249 1385 287; x_wconf 78' lang='lat' dir='ltr'><strong>Minotau-</strong></span> 
     </span>
     <span class='ocr_line' id='line_1_3' title="bbox 228 314 1384 365; baseline 0.002 -13"><span class='ocrx_word' id='word_1_13' title='bbox 228 328 304 352; x_wconf 85' lang='lat' dir='ltr'><strong>rum</strong></span> <span class='ocrx_word' id='word_1_14' title='bbox 344 314 488 351; x_wconf 89' lang='lat' dir='ltr'><strong>taurino</strong></span> <span class='ocrx_word' id='word_1_15' title='bbox 526 314 648 365; x_wconf 85' lang='lat' dir='ltr'><strong>capite</strong></span> <span class='ocrx_word' id='word_1_16' title='bbox 683 315 841 365; x_wconf 81' lang='lat' dir='ltr'>peperit,</span> <span class='ocrx_word' id='word_1_17' title='bbox 881 314 942 364; x_wconf 82' lang='lat' dir='ltr'><strong>qui</strong></span> <span class='ocrx_word' id='word_1_18' title='bbox 979 315 1184 352; x_wconf 79' lang='lat' dir='ltr'><strong>hominibus</strong></span> <span class='ocrx_word' id='word_1_19' title='bbox 1211 317 1384 354; x_wconf 84' lang='lat' dir='ltr'><strong>vesceba-</strong></span> 
     </span>
     <span class='ocr_line' id='line_1_4' title="bbox 229 382 1384 426; baseline 0.003 -8"><span class='ocrx_word' id='word_1_20' title='bbox 229 387 300 426; x_wconf 97' lang='lat' dir='ltr'><strong>tur,</strong></span> <span class='ocrx_word' id='word_1_21' title='bbox 331 386 367 418; x_wconf 91' lang='lat' dir='ltr'><strong>et</strong></span> <span class='ocrx_word' id='word_1_22' title='bbox 396 395 416 419; x_wconf 87' lang='lat' dir='ltr'><strong>a</strong></span> <span class='ocrx_word' id='word_1_23' title='bbox 437 382 588 419; x_wconf 82' lang='lat' dir='ltr'><strong>Theseo</strong></span> <span class='ocrx_word' id='word_1_24' title='bbox 617 382 797 420; x_wconf 81' lang='lat' dir='ltr'>Ariadnes</span> <span class='ocrx_word' id='word_1_25' title='bbox 827 382 965 420; x_wconf 87' lang='lat' dir='ltr'><strong>auxilio</strong></span> <span class='ocrx_word' id='word_1_26' title='bbox 995 382 1218 420; x_wconf 85' lang='lat' dir='ltr'><strong>vincebatur.</strong></span> <span class='ocrx_word' id='word_1_27' title='bbox 1275 384 1384 422; x_wconf 84' lang='lat' dir='ltr'><strong>For·</strong></span> 
     </span>
     <span class='ocr_line' id='line_1_5' title="bbox 227 450 1384 502; baseline 0.002 -16"><span class='ocrx_word' id='word_1_28' title='bbox 227 456 401 493; x_wconf 63' lang='lat' dir='ltr'><strong>lanata,</strong></span> <span class='ocrx_word' id='word_1_29' title='bbox 440 452 527 486; x_wconf 69' lang='lat' dir='ltr'><strong>uisi</strong></span> <span class='ocrx_word' id='word_1_30' title='bbox 557 465 634 485; x_wconf 90' lang='lat'><strong>—-.·</strong></span> <span class='ocrx_word' id='word_1_31' title='bbox 665 451 902 487; x_wconf 81' lang='lat' dir='ltr'><strong>contentione</strong></span> <span class='ocrx_word' id='word_1_32' title='bbox 933 450 1068 487; x_wconf 87' lang='lat' dir='ltr'><strong>acriter</strong></span> <span class='ocrx_word' id='word_1_33' title='bbox 1098 456 1305 502; x_wconf 74' lang='lat' dir='ltr'><strong>pungente,</strong></span> <span class='ocrx_word' id='word_1_34' title='bbox 1337 463 1384 488; x_wconf 89' lang='lat' dir='ltr'><strong>ex</strong></span> 
     </span>
     <span class='ocr_line' id='line_1_6' title="bbox 226 515 1383 567; baseline 0.002 -15"><span class='ocrx_word' id='word_1_35' title='bbox 226 529 297 566; x_wconf 85' lang='lat' dir='ltr'><strong>qua</strong></span> <span class='ocrx_word' id='word_1_36' title='bbox 327 516 521 554; x_wconf 80' lang='lat' dir='ltr'><strong>altitudine</strong></span> <span class='ocrx_word' id='word_1_37' title='bbox 551 517 595 554; x_wconf 86' lang='lat' dir='ltr'><strong>ad</strong></span> <span class='ocrx_word' id='word_1_38' title='bbox 627 531 730 567; x_wconf 82' lang='lat' dir='ltr'><strong>quam</strong></span> <span class='ocrx_word' id='word_1_39' title='bbox 762 518 997 554; x_wconf 84' lang='lat' dir='ltr'><strong>humilitatem</strong></span> <span class='ocrx_word' id='word_1_40' title='bbox 1022 518 1176 556; x_wconf 77' lang='lat' dir='ltr'><strong>adversa</strong></span> <span class='ocrx_word' id='word_1_41' title='bbox 1201 530 1279 554; x_wconf 88' lang='lat' dir='ltr'><strong>eam</strong></span> <span class='ocrx_word' id='word_1_42' title='bbox 1309 515 1383 554; x_wconf 77' lang='lat' dir='ltr'><strong>for-</strong></span> 
     </span>
     <span class='ocr_line' id='line_1_7' title="bbox 224 584 1382 635; baseline 0 -15"><span class='ocrx_word' id='word_1_43' title='bbox 224 588 314 621; x_wconf 84' lang='lat' dir='ltr'><strong>tuna</strong></span> <span class='ocrx_word' id='word_1_44' title='bbox 351 584 537 635; x_wconf 85' lang='lat' dir='ltr'><strong>dejecerit.</strong></span> <span class='ocrx_word' id='word_1_45' title='bbox 598 585 837 623; x_wconf 77' lang='lat' dir='ltr'><strong>Candidum</strong></span> <span class='ocrx_word' id='word_1_46' title='bbox 874 585 1032 622; x_wconf 88' lang='lat' dir='ltr'><strong>colorem</strong></span> <span class='ocrx_word' id='word_1_47' title='bbox 1063 598 1224 629; x_wconf 89' lang='lat' dir='ltr'><strong>sacrum,</strong></span> <span class='ocrx_word' id='word_1_48' title='bbox 1265 597 1382 634; x_wconf 89' lang='lat' dir='ltr'><strong>quem,</strong></span> 
     </span>
     <span class='ocr_line' id='line_1_8' title="bbox 225 651 1383 703; baseline 0 -15"><span class='ocrx_word' id='word_1_49' title='bbox 225 652 320 689; x_wconf 88' lang='lat' dir='ltr'><strong>sicut</strong></span> <span class='ocrx_word' id='word_1_50' title='bbox 352 652 426 697; x_wconf 80' lang='lat' dir='ltr'><strong>hic,</strong></span> <span class='ocrx_word' id='word_1_51' title='bbox 470 652 520 689; x_wconf 87' lang='lat' dir='ltr'><strong>ita</strong></span> <span class='ocrx_word' id='word_1_52' title='bbox 550 652 584 689; x_wconf 90' lang='lat' dir='ltr'><strong>in</strong></span> <span class='ocrx_word' id='word_1_53' title='bbox 617 653 800 703; x_wconf 84' lang='lat' dir='ltr'><strong>Propertii</strong></span> <span class='ocrx_word' id='word_1_54' title='bbox 833 653 883 697; x_wconf 87' lang='lat' dir='ltr'><strong>ll,</strong></span> <span class='ocrx_word' id='word_1_55' title='bbox 929 658 997 697; x_wconf 81' lang='lat'><strong>23,</strong></span> <span class='ocrx_word' id='word_1_56' title='bbox 1043 659 1131 691; x_wconf 80' lang='lat'>113.</span> <span class='ocrx_word' id='word_1_57' title='bbox 1162 657 1199 689; x_wconf 92' lang='lat' dir='ltr'><strong>et</strong></span> <span class='ocrx_word' id='word_1_58' title='bbox 1229 652 1264 688; x_wconf 92' lang='lat' dir='ltr'><strong>in</strong></span> <span class='ocrx_word' id='word_1_59' title='bbox 1298 651 1383 688; x_wconf 80' lang='lat' dir='ltr'>Phi-</span> 
     </span>
     <span class='ocr_line' id='line_1_9' title="bbox 226 719 1381 771; baseline -0.002 -14"><span class='ocrx_word' id='word_1_60' title='bbox 226 720 372 757; x_wconf 83' lang='lat' dir='ltr'><strong>lostrati</strong></span> <span class='ocrx_word' id='word_1_61' title='bbox 408 719 569 771; x_wconf 74' lang='lat' dir='ltr'><strong>imagine</strong></span> <span class='ocrx_word' id='word_1_62' title='bbox 607 721 643 766; x_wconf 84' lang='lat' dir='ltr'><strong>l,</strong></span> <span class='ocrx_word' id='word_1_63' title='bbox 688 726 750 758; x_wconf 83' lang='lat'><strong>16.</strong></span> <span class='ocrx_word' id='word_1_64' title='bbox 788 728 944 756; x_wconf 74' lang='lat' dir='ltr'><strong>tam-218</strong></span> <span class='ocrx_word' id='word_1_65' title='bbox 975 720 1101 766; x_wconf 81' lang='lat' dir='ltr'><strong>hahet,</strong></span> <span class='ocrx_word' id='word_1_66' title='bbox 1141 725 1271 756; x_wconf 81' lang='lat' dir='ltr'><strong>auctor</strong></span> <span class='ocrx_word' id='word_1_67' title='bbox 1309 719 1381 755; x_wconf 78' lang='lat' dir='ltr'><strong>Ne-</strong></span> 
     </span>
     <span class='ocr_line' id='line_1_10' title="bbox 223 785 1384 837; baseline -0.001 -14"><span class='ocrx_word' id='word_1_68' title='bbox 223 792 358 837; x_wconf 89' lang='lat' dir='ltr'><strong>ptunus</strong></span> <span class='ocrx_word' id='word_1_69' title='bbox 396 787 559 823; x_wconf 81' lang='lat' dir='ltr'><strong>dederat.</strong></span> <span class='ocrx_word' id='word_1_70' title='bbox 631 787 721 823; x_wconf 84' lang='lat' dir='ltr'><strong>Nam</strong></span> <span class='ocrx_word' id='word_1_71' title='bbox 763 787 845 824; x_wconf 84' lang='lat' dir='ltr'><strong>huic</strong></span> <span class='ocrx_word' id='word_1_72' title='bbox 875 793 912 824; x_wconf 91' lang='lat' dir='ltr'><strong>et</strong></span> <span class='ocrx_word' id='word_1_73' title='bbox 941 787 1008 837; x_wconf 89' lang='lat' dir='ltr'><strong>ipsi</strong></span> <span class='ocrx_word' id='word_1_74' title='bbox 1038 800 1111 824; x_wconf 85' lang='lat' dir='ltr'><strong>non</strong></span> <span class='ocrx_word' id='word_1_75' title='bbox 1141 799 1284 836; x_wconf 88' lang='lat' dir='ltr'><strong>semper</strong></span> <span class='ocrx_word' id='word_1_76' title='bbox 1312 785 1384 823; x_wconf 85' lang='lat' dir='ltr'><strong>atri</strong></span> 
     </span>
     <span class='ocr_line' id='line_1_11' title="bbox 225 853 1382 903; baseline -0.001 -12"><span class='ocrx_word' id='word_1_77' title='bbox 225 855 322 891; x_wconf 86' lang='lat' dir='ltr'><strong>tauri</strong></span> <span class='ocrx_word' id='word_1_78' title='bbox 353 853 485 903; x_wconf 73' lang='lat' dir='ltr'><strong>Odyss.</strong></span> <span class='ocrx_word' id='word_1_79' title='bbox 518 854 590 899; x_wconf 83' lang='grc' dir='ltr'>ΙΙΙ,</span> <span class='ocrx_word' id='word_1_80' title='bbox 622 859 666 899; x_wconf 87' lang='grc'><strong>6,</strong></span> <span class='ocrx_word' id='word_1_81' title='bbox 696 854 773 899; x_wconf 91' lang='lat' dir='ltr'><strong>sed,</strong></span> <span class='ocrx_word' id='word_1_82' title='bbox 803 854 901 891; x_wconf 87' lang='lat' dir='ltr'><strong>laeta</strong></span> <span class='ocrx_word' id='word_1_83' title='bbox 930 855 1088 899; x_wconf 84' lang='lat' dir='ltr'><strong>victima,</strong></span> <span class='ocrx_word' id='word_1_84' title='bbox 1119 853 1263 891; x_wconf 90' lang='lat' dir='ltr'><strong>candidi</strong></span> <span class='ocrx_word' id='word_1_85' title='bbox 1293 865 1382 903; x_wconf 86' lang='lat' dir='ltr'><strong>quo-</strong></span> 
     </span>
     <span class='ocr_line' id='line_1_12' title="bbox 224 920 1162 972; baseline -0.002 -13"><span class='ocrx_word' id='word_1_86' title='bbox 224 934 294 972; x_wconf 89' lang='lat' dir='ltr'><strong>que</strong></span> <span class='ocrx_word' id='word_1_87' title='bbox 323 920 596 968; x_wconf 86' lang='lat' dir='ltr'><strong>offerebantur,</strong></span> <span class='ocrx_word' id='word_1_88' title='bbox 635 926 675 958; x_wconf 91' lang='lat' dir='ltr'><strong>ut</strong></span> <span class='ocrx_word' id='word_1_89' title='bbox 705 922 740 958; x_wconf 94' lang='lat' dir='ltr'><strong>in</strong></span> <span class='ocrx_word' id='word_1_90' title='bbox 770 922 943 958; x_wconf 87' lang='lat' dir='ltr'><strong>Aeneidis</strong></span> <span class='ocrx_word' id='word_1_91' title='bbox 974 922 1021 967; x_wconf 67' lang='lat' dir='ltr'><strong>V,</strong></span> <span class='ocrx_word' id='word_1_92' title='bbox 1065 926 1162 959; x_wconf 78' lang='lat'><strong>236:</strong></span> 
     </span>
    </p>
   </div>
   <div class='ocr_carea' id='block_1_3' title="bbox 309 997 1275 1087">
    <p class='ocr_par' dir='ltr' id='par_1_3' title="bbox 309 997 1275 1087">
     <span class='ocr_line' id='line_1_13' title="bbox 309 997 1275 1039; baseline 0.001 -11"><span class='ocrx_word' id='word_1_93' title='bbox 309 997 413 1031; x_wconf 83' lang='lat' dir='ltr'><strong>Vobis</strong></span> <span class='ocrx_word' id='word_1_94' title='bbox 438 998 543 1030; x_wconf 83' lang='lat' dir='ltr'><strong>laetus</strong></span> <span class='ocrx_word' id='word_1_95' title='bbox 568 1008 632 1039; x_wconf 75' lang='lat' dir='ltr'><strong>ego</strong></span> <span class='ocrx_word' id='word_1_96' title='bbox 657 997 720 1030; x_wconf 90' lang='lat' dir='ltr'><strong>hoc</strong></span> <span class='ocrx_word' id='word_1_97' title='bbox 744 997 941 1030; x_wconf 85' lang='lat' dir='ltr'><strong>candentem</strong></span> <span class='ocrx_word' id='word_1_98' title='bbox 966 998 999 1030; x_wconf 92' lang='lat' dir='ltr'><strong>in</strong></span> <span class='ocrx_word' id='word_1_99' title='bbox 1024 997 1121 1030; x_wconf 87' lang='lat' dir='ltr'><strong>litore</strong></span> <span class='ocrx_word' id='word_1_100' title='bbox 1145 1003 1275 1030; x_wconf 83' lang='lat' dir='ltr'><strong>taurum</strong></span> 
     </span>
     <span class='ocr_line' id='line_1_14' title="bbox 309 1053 925 1087; baseline 0 -1"><span class='ocrx_word' id='word_1_101' title='bbox 309 1053 519 1087; x_wconf 83' lang='lat' dir='ltr'><strong>constituam</strong></span> <span class='ocrx_word' id='word_1_102' title='bbox 544 1059 621 1087; x_wconf 83' lang='lat' dir='ltr'><strong>ante</strong></span> <span class='ocrx_word' id='word_1_103' title='bbox 645 1065 719 1086; x_wconf 86' lang='lat' dir='ltr'><strong>aras</strong></span> <span class='ocrx_word' id='word_1_104' title='bbox 742 1054 811 1086; x_wconf 70' lang='lat' dir='ltr'><strong>voti</strong></span> <span class='ocrx_word' id='word_1_105' title='bbox 836 1065 925 1086; x_wconf 79' lang='lat' dir='ltr'><strong>rcus.</strong></span> 
     </span>
    </p>
   </div>
   <div class='ocr_carea' id='block_1_4' title="bbox 210 1121 1379 2321">
    <p class='ocr_par' dir='ltr' id='par_1_4' title="bbox 215 1121 1379 1513">
     <span class='ocr_line' id='line_1_15' title="bbox 221 1121 1379 1173; baseline -0.002 -13"><span class='ocrx_word' id='word_1_106' title='bbox 221 1124 276 1160; x_wconf 84' lang='lat' dir='ltr'><strong>lta</strong></span> <span class='ocrx_word' id='word_1_107' title='bbox 311 1123 633 1173; x_wconf 83' lang='lat' dir='ltr'><strong>Bellerophontem</strong></span> <span class='ocrx_word' id='word_1_108' title='bbox 672 1122 854 1159; x_wconf 79' lang='lat' dir='ltr'><strong>Pindarus</strong></span> <span class='ocrx_word' id='word_1_109' title='bbox 885 1121 940 1158; x_wconf 85' lang='lat' dir='ltr'><strong>Ol.</strong></span> <span class='ocrx_word' id='word_1_110' title='bbox 971 1122 1079 1166; x_wconf 79' lang='grc' dir='ltr'>ΧΙΙΙ,</span> <span class='ocrx_word' id='word_1_111' title='bbox 1125 1126 1196 1167; x_wconf 85' lang='grc'><strong>98,</strong></span> <span class='ocrx_word' id='word_1_112' title='bbox 1235 1126 1295 1167; x_wconf 91' lang='lat' dir='ltr'><strong>ut,</strong></span> <span class='ocrx_word' id='word_1_113' title='bbox 1333 1121 1379 1158; x_wconf 88' lang='lat' dir='ltr'><strong>ob</strong></span> 
     </span>
     <span class='ocr_line' id='line_1_16' title="bbox 218 1189 1379 1243; baseline -0.001 -16"><span class='ocrx_word' id='word_1_114' title='bbox 218 1190 405 1243; x_wconf 79' lang='lat' dir='ltr'><strong>Pegasum</strong></span> <span class='ocrx_word' id='word_1_115' title='bbox 435 1191 631 1237; x_wconf 91' lang='lat' dir='ltr'><strong>domitum,</strong></span> <span class='ocrx_word' id='word_1_116' title='bbox 673 1202 845 1239; x_wconf 84' lang='lat' dir='ltr'><strong>equorum</strong></span> <span class='ocrx_word' id='word_1_117' title='bbox 877 1189 1047 1226; x_wconf 84' lang='lat' dir='ltr'><strong>domitori</strong></span> <span class='ocrx_word' id='word_1_118' title='bbox 1076 1189 1247 1240; x_wconf 79' lang='lat' dir='ltr'><strong>Neptuno</strong></span> <span class='ocrx_word' id='word_1_119' title='bbox 1277 1202 1379 1226; x_wconf 80' lang='lat' dir='ltr'><strong>can-</strong></span> 
     </span>
     <span class='ocr_line' id='line_1_17' title="bbox 219 1252 1379 1308; baseline -0.002 -13"><span class='ocrx_word' id='word_1_120' title='bbox 219 1260 365 1296; x_wconf 76' lang='lat' dir='ltr'><strong>didum</strong></span> <span class='ocrx_word' id='word_1_121' title='bbox 393 1266 588 1303; x_wconf 71' lang='lat' dir='ltr'><strong>tam-vm,</strong></span> <span class='ocrx_word' id='word_1_122' title='bbox 640 1259 788 1308; x_wconf 70' lang='grc' dir='ltr'><em>ταῦρον</em></span> <span class='ocrx_word' id='word_1_123' title='bbox 818 1252 957 1307; x_wconf 62' lang='grc' dir='ltr'><strong>ἀργόν,</strong></span> <span class='ocrx_word' id='word_1_124' title='bbox 997 1263 1149 1302; x_wconf 89' lang='lat' dir='ltr'><strong>mactet,</strong></span> <span class='ocrx_word' id='word_1_125' title='bbox 1189 1257 1379 1293; x_wconf 86' lang='lat' dir='ltr'><strong>hortatur:</strong></span> 
     </span>
     <span class='ocr_line' id='line_1_18' title="bbox 219 1323 1379 1376; baseline -0.002 -13"><span class='ocrx_word' id='word_1_126' title='bbox 219 1339 324 1376; x_wconf 91' lang='lat' dir='ltr'><strong>quem</strong></span> <span class='ocrx_word' id='word_1_127' title='bbox 367 1326 559 1363; x_wconf 85' lang='lat' dir='ltr'><strong>candidum</strong></span> <span class='ocrx_word' id='word_1_128' title='bbox 603 1330 745 1362; x_wconf 87' lang='lat' dir='ltr'><strong>taurum</strong></span> <span class='ocrx_word' id='word_1_129' title='bbox 790 1324 1011 1374; x_wconf 90' lang='lat' dir='ltr'><strong>interpretes</strong></span> <span class='ocrx_word' id='word_1_130' title='bbox 1049 1328 1190 1371; x_wconf 89' lang='lat' dir='ltr'><strong>erant,.</strong></span> <span class='ocrx_word' id='word_1_131' title='bbox 1228 1323 1311 1374; x_wconf 90' lang='lat' dir='ltr'><strong>qui,</strong></span> <span class='ocrx_word' id='word_1_132' title='bbox 1355 1336 1379 1361; x_wconf 76' lang='lat' dir='ltr'><strong>a</strong></span> 
     </span>
     <span class='ocr_line' id='line_1_19' title="bbox 215 1389 1378 1443; baseline -0.002 -14"><span class='ocrx_word' id='word_1_133' title='bbox 215 1393 414 1430; x_wconf 86' lang='lat' dir='ltr'><strong>scholiaste</strong></span> <span class='ocrx_word' id='word_1_134' title='bbox 454 1393 490 1429; x_wconf 91' lang='lat' dir='ltr'><strong>in</strong></span> <span class='ocrx_word' id='word_1_135' title='bbox 521 1405 602 1430; x_wconf 87' lang='lat' dir='ltr'><strong>eum</strong></span> <span class='ocrx_word' id='word_1_136' title='bbox 632 1405 792 1430; x_wconf 89' lang='lat' dir='ltr'><strong>errorem</strong></span> <span class='ocrx_word' id='word_1_137' title='bbox 823 1391 986 1437; x_wconf 89' lang='lat' dir='ltr'><strong>inducti,</strong></span> <span class='ocrx_word' id='word_1_138' title='bbox 1032 1404 1112 1429; x_wconf 89' lang='lat' dir='ltr'><strong>cum</strong></span> <span class='ocrx_word' id='word_1_139' title='bbox 1143 1391 1276 1443; x_wconf 81' lang='lat' dir='ltr'><strong>nigro,</strong></span> <span class='ocrx_word' id='word_1_140' title='bbox 1315 1389 1378 1441; x_wconf 87' lang='lat' dir='ltr'><strong>qui</strong></span> 
     </span>
     <span class='ocr_line' id='line_1_20' title="bbox 219 1459 1081 1513; baseline 0 -16"><span class='ocrx_word' id='word_1_141' title='bbox 219 1459 476 1513; x_wconf 87' lang='lat' dir='ltr'><strong>pinguitudine</strong></span> <span class='ocrx_word' id='word_1_142' title='bbox 506 1460 642 1505; x_wconf 84' lang='lat' dir='ltr'><strong>niteat,</strong></span> <span class='ocrx_word' id='word_1_143' title='bbox 681 1465 903 1496; x_wconf 87' lang='lat' dir='ltr'><strong>commutare</strong></span> <span class='ocrx_word' id='word_1_144' title='bbox 932 1459 1081 1498; x_wconf 82' lang='lat' dir='ltr'><strong>vellent.</strong></span> 
     </span>
    </p>

    <p class='ocr_par' dir='ltr' id='par_1_5' title="bbox 210 1525 1377 2321">
     <span class='ocr_line' id='line_1_21' title="bbox 329 1525 1377 1577; baseline -0.004 -11"><span class='ocrx_word' id='word_1_145' title='bbox 329 1533 381 1566; x_wconf 89' lang='lat'><strong>47</strong></span> <span class='ocrx_word' id='word_1_146' title='bbox 399 1533 506 1566; x_wconf 82' lang='lat'><strong>-60.</strong></span> <span class='ocrx_word' id='word_1_147' title='bbox 564 1526 633 1564; x_wconf 90' lang='lat' dir='ltr'><strong>Rei</strong></span> <span class='ocrx_word' id='word_1_148' title='bbox 662 1525 906 1577; x_wconf 84' lang='lat' dir='ltr'><strong>amplificatio.</strong></span> <span class='ocrx_word' id='word_1_149' title='bbox 964 1527 1097 1564; x_wconf 65' lang='lat' dir='ltr'><strong>Verum</strong></span> <span class='ocrx_word' id='word_1_150' title='bbox 1128 1526 1212 1577; x_wconf 90' lang='lat' dir='ltr'><strong>quid</strong></span> <span class='ocrx_word' id='word_1_151' title='bbox 1242 1538 1377 1564; x_wconf 78' lang='lat' dir='ltr'><strong>causae</strong></span> 
     </span>
     <span class='ocr_line' id='line_1_22' title="bbox 217 1593 1373 1644; baseline -0.002 -12"><span class='ocrx_word' id='word_1_152' title='bbox 217 1595 285 1641; x_wconf 84' lang='lat' dir='ltr'><strong>sit,</strong></span> <span class='ocrx_word' id='word_1_153' title='bbox 326 1594 422 1633; x_wconf 81' lang='lat' dir='ltr'><strong>aliae</strong></span> <span class='ocrx_word' id='word_1_154' title='bbox 461 1593 607 1632; x_wconf 84' lang='lat' dir='ltr'><strong>fabulae</strong></span> <span class='ocrx_word' id='word_1_155' title='bbox 644 1607 751 1643; x_wconf 89' lang='lat' dir='ltr'><strong>quum</strong></span> <span class='ocrx_word' id='word_1_156' title='bbox 788 1599 955 1630; x_wconf 88' lang='lat' dir='ltr'><strong>ornatum</strong></span> <span class='ocrx_word' id='word_1_157' title='bbox 991 1594 1269 1644; x_wconf 87' lang='lat' dir='ltr'><strong>suppeditarent</strong></span> <span class='ocrx_word' id='word_1_158' title='bbox 1301 1606 1373 1630; x_wconf 89' lang='lat' dir='ltr'><strong>non</strong></span> 
     </span>
     <span class='ocr_line' id='line_1_23' title="bbox 215 1660 1373 1711; baseline -0.003 -11"><span class='ocrx_word' id='word_1_159' title='bbox 215 1663 335 1700; x_wconf 91' lang='lat' dir='ltr'><strong>minus</strong></span> <span class='ocrx_word' id='word_1_160' title='bbox 368 1661 495 1699; x_wconf 84' lang='lat' dir='ltr'><strong>auditu</strong></span> <span class='ocrx_word' id='word_1_161' title='bbox 534 1661 692 1706; x_wconf 84' lang='lat' dir='ltr'><strong>dulcem,</strong></span> <span class='ocrx_word' id='word_1_162' title='bbox 735 1660 966 1710; x_wconf 86' lang='lat' dir='ltr'><strong>quamobrem</strong></span> <span class='ocrx_word' id='word_1_163' title='bbox 1003 1662 1096 1698; x_wconf 75' lang='lat' dir='ltr'><strong>lianc</strong></span> <span class='ocrx_word' id='word_1_164' title='bbox 1135 1660 1373 1711; x_wconf 88' lang='lat' dir='ltr'><strong>potissimum,</strong></span> 
     </span>
     <span class='ocr_line' id='line_1_24' title="bbox 216 1726 1373 1781; baseline -0.003 -14"><span class='ocrx_word' id='word_1_165' title='bbox 216 1731 320 1781; x_wconf 89' lang='lat' dir='ltr'><strong>cujus</strong></span> <span class='ocrx_word' id='word_1_166' title='bbox 369 1729 520 1767; x_wconf 80' lang='lat' dir='ltr'><strong>lascivia</strong></span> <span class='ocrx_word' id='word_1_167' title='bbox 559 1728 765 1766; x_wconf 79' lang='lat' dir='ltr'><strong>cautionem</strong></span> <span class='ocrx_word' id='word_1_168' title='bbox 802 1727 1009 1777; x_wconf 85' lang='lat' dir='ltr'><strong>requirebat</strong></span> <span class='ocrx_word' id='word_1_169' title='bbox 1047 1726 1373 1779; x_wconf 80' lang='lat' dir='ltr'><strong>religiosissimam,</strong></span> 
     </span>
     <span class='ocr_line' id='line_1_25' title="bbox 214 1794 1373 1847; baseline -0.004 -12"><span class='ocrx_word' id='word_1_170' title='bbox 214 1798 340 1835; x_wconf 88' lang='lat' dir='ltr'><strong>Sileno</strong></span> <span class='ocrx_word' id='word_1_171' title='bbox 378 1802 449 1834; x_wconf 81' lang='lat' dir='ltr'><strong>tam</strong></span> <span class='ocrx_word' id='word_1_172' title='bbox 486 1796 617 1847; x_wconf 77' lang='lat' dir='ltr'><strong>volupe</strong></span> <span class='ocrx_word' id='word_1_173' title='bbox 654 1796 703 1832; x_wconf 89' lang='lat' dir='ltr'><strong>sit</strong></span> <span class='ocrx_word' id='word_1_174' title='bbox 738 1795 949 1832; x_wconf 67' lang='lat' dir='ltr'><strong>enarranti!</strong></span> <span class='ocrx_word' id='word_1_175' title='bbox 999 1795 1119 1846; x_wconf 72' lang='lat' dir='ltr'><strong>Finge</strong></span> <span class='ocrx_word' id='word_1_176' title='bbox 1157 1795 1221 1831; x_wconf 89' lang='lat' dir='ltr'><strong>tibi</strong></span> <span class='ocrx_word' id='word_1_177' title='bbox 1251 1794 1373 1831; x_wconf 86' lang='lat' dir='ltr'><strong>animo</strong></span> 
     </span>
     <span class='ocr_line' id='line_1_26' title="bbox 213 1861 1373 1914; baseline -0.004 -12"><span class='ocrx_word' id='word_1_178' title='bbox 213 1866 349 1904; x_wconf 87' lang='lat' dir='ltr'><strong>vultum</strong></span> <span class='ocrx_word' id='word_1_179' title='bbox 381 1870 557 1902; x_wconf 81' lang='lat' dir='ltr'><strong>venustae</strong></span> <span class='ocrx_word' id='word_1_180' title='bbox 587 1863 756 1914; x_wconf 76' lang='lat' dir='ltr'><strong>NajadiS,</strong></span> <span class='ocrx_word' id='word_1_181' title='bbox 795 1876 923 1913; x_wconf 88' lang='lat' dir='ltr'><strong>quum,</strong></span> <span class='ocrx_word' id='word_1_182' title='bbox 954 1875 976 1899; x_wconf 87' lang='lat' dir='ltr'><strong>a</strong></span> <span class='ocrx_word' id='word_1_183' title='bbox 1000 1862 1197 1913; x_wconf 79' lang='lat' dir='ltr'><strong>juvenibus</strong></span> <span class='ocrx_word' id='word_1_184' title='bbox 1228 1861 1373 1910; x_wconf 77' lang='lat' dir='ltr'><strong>Satyris</strong></span> 
     </span>
     <span class='ocr_line' id='line_1_27' title="bbox 213 1929 1374 1977; baseline -0.006 -6"><span class='ocrx_word' id='word_1_185' title='bbox 213 1933 346 1977; x_wconf 88' lang='lat' dir='ltr'><strong>derisa,</strong></span> <span class='ocrx_word' id='word_1_186' title='bbox 377 1945 489 1969; x_wconf 79' lang='lat' dir='ltr'><strong>sexus</strong></span> <span class='ocrx_word' id='word_1_187' title='bbox 515 1932 571 1968; x_wconf 89' lang='lat' dir='ltr'><strong>sui</strong></span> <span class='ocrx_word' id='word_1_188' title='bbox 595 1930 859 1969; x_wconf 82' lang='lat' dir='ltr'><strong>cavillationem</strong></span> <span class='ocrx_word' id='word_1_189' title='bbox 892 1930 1064 1976; x_wconf 79' lang='lat' dir='ltr'><strong>exaudit3</strong></span> <span class='ocrx_word' id='word_1_190' title='bbox 1095 1936 1131 1967; x_wconf 90' lang='lat' dir='ltr'><strong>et</strong></span> <span class='ocrx_word' id='word_1_191' title='bbox 1161 1929 1268 1966; x_wconf 84' lang='lat' dir='ltr'><strong>etiam</strong></span> <span class='ocrx_word' id='word_1_192' title='bbox 1299 1934 1374 1964; x_wconf 90' lang='lat' dir='ltr'><strong>tum</strong></span> 
     </span>
     <span class='ocr_line' id='line_1_28' title="bbox 210 1997 1370 2048; baseline -0.006 -10"><span class='ocrx_word' id='word_1_193' title='bbox 210 2000 255 2038; x_wconf 84' lang='lat' dir='ltr'><strong>de</strong></span> <span class='ocrx_word' id='word_1_194' title='bbox 294 1999 393 2038; x_wconf 87' lang='lat' dir='ltr'><strong>senis</strong></span> <span class='ocrx_word' id='word_1_195' title='bbox 432 1998 592 2036; x_wconf 82' lang='lat' dir='ltr'><strong>irrisoris</strong></span> <span class='ocrx_word' id='word_1_196' title='bbox 630 1997 774 2035; x_wconf 84' lang='lat' dir='ltr'><strong>facetiis</strong></span> <span class='ocrx_word' id='word_1_197' title='bbox 811 1998 954 2042; x_wconf 78' lang='lat' dir='ltr'><strong>dubita,</strong></span> <span class='ocrx_word' id='word_1_198' title='bbox 998 1997 1058 2048; x_wconf 88' lang='lat' dir='ltr'><strong>qui</strong></span> <span class='ocrx_word' id='word_1_199' title='bbox 1097 2002 1244 2047; x_wconf 83' lang='lat' dir='ltr'><strong>praeter</strong></span> <span class='ocrx_word' id='word_1_200' title='bbox 1287 2008 1370 2045; x_wconf 87' lang='lat' dir='ltr'><strong>pro·</strong></span> 
     </span>
     <span class='ocr_line' id='line_1_29' title="bbox 215 2062 1373 2118; baseline -0.008 -12"><span class='ocrx_word' id='word_1_201' title='bbox 215 2068 362 2106; x_wconf 86' lang='lat' dir='ltr'><strong>missum</strong></span> <span class='ocrx_word' id='word_1_202' title='bbox 399 2066 595 2118; x_wconf 87' lang='lat' dir='ltr'><strong>praemium</strong></span> <span class='ocrx_word' id='word_1_203' title='bbox 630 2065 794 2102; x_wconf 82' lang='lat' dir='ltr'><strong>nonnihil</strong></span> <span class='ocrx_word' id='word_1_204' title='bbox 832 2065 1009 2117; x_wconf 87' lang='lat' dir='ltr'><strong>adjiciens</strong></span> <span class='ocrx_word' id='word_1_205' title='bbox 1049 2070 1134 2101; x_wconf 86' lang='lat' dir='ltr'><strong>ante</strong></span> <span class='ocrx_word' id='word_1_206' title='bbox 1165 2062 1257 2099; x_wconf 83' lang='lat' dir='ltr'><strong>diem</strong></span> <span class='ocrx_word' id='word_1_207' title='bbox 1290 2075 1373 2112; x_wconf 88' lang='lat' dir='ltr'><strong>per-</strong></span> 
     </span>
     <span class='ocr_line' id='line_1_30' title="bbox 215 2128 1370 2182; baseline -0.008 -8"><span class='ocrx_word' id='word_1_208' title='bbox 215 2140 396 2174; x_wconf 85' lang='lat' dir='ltr'><strong>numerat.</strong></span> <span class='ocrx_word' id='word_1_209' title='bbox 452 2134 572 2171; x_wconf 76' lang='lat' dir='ltr'><strong>Nihilo</strong></span> <span class='ocrx_word' id='word_1_210' title='bbox 610 2133 726 2170; x_wconf 87' lang='lat' dir='ltr'><strong>minus</strong></span> <span class='ocrx_word' id='word_1_211' title='bbox 756 2139 875 2170; x_wconf 81' lang='lat' dir='ltr'><strong>tamen</strong></span> <span class='ocrx_word' id='word_1_212' title='bbox 909 2146 980 2169; x_wconf 88' lang='lat' dir='ltr'><strong>non</strong></span> <span class='ocrx_word' id='word_1_213' title='bbox 1010 2137 1157 2182; x_wconf 86' lang='lat' dir='ltr'><strong>praeter</strong></span> <span class='ocrx_word' id='word_1_214' title='bbox 1185 2128 1278 2167; x_wconf 88' lang='lat' dir='ltr'><strong>fines</strong></span> <span class='ocrx_word' id='word_1_215' title='bbox 1309 2128 1370 2166; x_wconf 89' lang='lat' dir='ltr'><strong>de-</strong></span> 
     </span>
     <span class='ocr_line' id='line_1_31' title="bbox 213 2198 1369 2250; baseline -0.009 -8"><span class='ocrx_word' id='word_1_216' title='bbox 213 2204 291 2242; x_wconf 85' lang='lat' dir='ltr'><strong>cori</strong></span> <span class='ocrx_word' id='word_1_217' title='bbox 331 2204 447 2250; x_wconf 75' lang='lat' dir='ltr'><strong>latus,</strong></span> <span class='ocrx_word' id='word_1_218' title='bbox 494 2202 538 2239; x_wconf 86' lang='lat' dir='ltr'><strong>de</strong></span> <span class='ocrx_word' id='word_1_219' title='bbox 575 2214 699 2238; x_wconf 82' lang='lat' dir='ltr'><strong>amore</strong></span> <span class='ocrx_word' id='word_1_220' title='bbox 737 2205 876 2237; x_wconf 85' lang='lat' dir='ltr'><strong>tantum</strong></span> <span class='ocrx_word' id='word_1_221' title='bbox 913 2199 1035 2236; x_wconf 89' lang='lat' dir='ltr'><strong>solatii</strong></span> <span class='ocrx_word' id='word_1_222' title='bbox 1067 2198 1183 2236; x_wconf 86' lang='lat' dir='ltr'><strong>adhuc</strong></span> <span class='ocrx_word' id='word_1_223' title='bbox 1214 2200 1369 2247; x_wconf 80' lang='lat' dir='ltr'><strong>experte</strong></span> 
     </span>
     <span class='ocr_line' id='line_1_32' title="bbox 217 2265 1368 2321; baseline -0.007 -12"><span class='ocrx_word' id='word_1_224' title='bbox 217 2271 334 2315; x_wconf 89' lang='lat' dir='ltr'><strong>canit,</strong></span> <span class='ocrx_word' id='word_1_225' title='bbox 382 2283 487 2321; x_wconf 85' lang='lat' dir='ltr'><strong>quem</strong></span> <span class='ocrx_word' id='word_1_226' title='bbox 523 2274 702 2319; x_wconf 81' lang='lat' dir='ltr'><strong>tamquam</strong></span> <span class='ocrx_word' id='word_1_227' title='bbox 743 2267 981 2306; x_wconf 85' lang='lat' dir='ltr'><strong>miserabilem</strong></span> <span class='ocrx_word' id='word_1_228' title='bbox 1017 2266 1174 2316; x_wconf 80' lang='lat' dir='ltr'><strong>aliquam</strong></span> <span class='ocrx_word' id='word_1_229' title='bbox 1205 2265 1368 2302; x_wconf 77' lang='lat' dir='ltr'><strong>(lemen-</strong></span> 
     </span>
    </p>
   </div>
  </div>
 </body>
</html>
