1515 2620
408 129 613 168 ECLOGA
644 128 692 174 Χ,
723 132 903 167 44-49.
1162 132 1250 173 219

68 244 163 282 istos
193 242 339 281 etiamsi
380 244 542 280 minores
586 242 702 279 fuisse
738 240 941 294 fingamus;
987 240 1173 292 Agrippa,
1218 241 1251 277 si

68 324 157 350 vere
187 311 330 348 demum
360 311 447 349 anni
477 310 685 347 Dccxvn
715 310 827 360 Alpes
858 308 1150 354 transcenderit,
1189 307 1251 358 qui

68 377 149 416 fieri
181 378 314 429 potuit,
345 384 385 415 ut
415 382 499 428 post
528 390 666 428 paucas
696 377 837 414 dierum
867 377 1115 414 hebdomadas
1132 380 1250 413 totam

70 446 228 485 Galliam
264 444 543 497 peragraverit,
588 450 785 495 certusque
822 445 994 495 triumphi
1038 449 1164 481 tantos
1202 443 1250 481 ad

68 519 269 565 apparatus
314 512 437 550 redire
481 512 666 563 potuerit?
717 512 860 554 Quodsi
898 513 989 549 baec
1025 516 1250 563 argumenta

67 594 148 619 cum
179 581 287 632 liujus
317 581 473 633 eclogae
502 580 647 616 indiciis
677 592 943 630 comparamus,
974 580 1066 616 haec
1096 579 1176 629 ejus
1193 579 1249 616 rei

69 653 319 699 consequetur
364 648 473 686 ratio.
533 648 662 686 Gallus
701 648 798 684 inter
835 646 1008 684 Caesaris
1046 646 1249 684 bellatores

69 721 163 762 erat,
193 715 255 766 qui
286 715 372 753 inde
402 729 424 753 a
454 715 622 766 proxime
651 715 844 766 superiore
875 727 972 752 anno
1003 714 1095 750 Sex.
1136 713 1249 750 Pom-

68 784 142 836 peji
178 783 248 822 vim
287 797 310 821 a
341 784 543 834 Campania
582 784 738 833 aliisque
775 782 851 819 oris
889 781 1019 819 ltaliae
1056 781 1248 818 arcebant.

67 852 224 890 Aestate
252 851 341 888 anni
370 851 558 888 Dccxvl
596 852 676 902 ejus
708 850 866 900 Lycoris
904 849 1015 886 alium
1052 850 1181 886 ducem
1212 848 1250 886 in

67 918 260 972 Agrippae
290 919 459 956 exercitu
490 921 526 955 in
544 919 701 955 Galliam
732 918 945 954 ulteriorem
976 922 1134 967 sequuta
1155 922 1250 954 erat.

67 987 144 1025 Per
172 986 327 1024 hiemem
357 985 403 1024 de
432 985 589 1024 victoria
618 985 841 1036 Aquitanica
871 990 909 1022 et
937 985 1107 1036 glorioso
1128 984 1250 1022 Rheni

69 1055 229 1106 trajectu
261 1054 391 1092 Gallus
421 1053 610 1098 audierat,
642 1058 680 1091 et
708 1053 778 1091 hoc
808 1058 995 1104 postremo
1026 1058 1250 1104 argumento

68 1123 106 1160 in
137 1121 300 1160 carmine
330 1121 488 1172 quodam
518 1134 608 1158 usus
639 1126 731 1168 erat,
763 1134 811 1158 ex
829 1134 914 1171 qu0,
945 1122 1145 1158 secundum
1161 1123 1250 1158 Ser-

67 1190 185 1236 vium,
217 1194 377 1240 quatuor
406 1202 536 1228 versus
566 1193 745 1228 46—49
777 1188 958 1241 Virgilius
986 1189 1140 1240 recepit.
1200 1190 1249 1226 Et

67 1257 166 1297 veris
203 1261 390 1308 tempore,
437 1270 544 1307 quum
582 1257 659 1308 jam
695 1257 879 1295 Arcadiae
916 1256 1059 1295 ferulae
1097 1262 1135 1294 et
1172 1257 1250 1294 lilia

66 1324 269 1372 florerent,
312 1324 462 1376 scripsit
492 1324 671 1376 Virgilius
709 1326 804 1362 hanc
840 1339 863 1362 a
899 1326 1007 1363 Gallo
1045 1325 1249 1374 expetitam

68 1393 258 1446 eclogam,
295 1392 458 1430 recentis
493 1392 724 1430 collectionis
762 1393 1018 1438 novissimam3
1056 1393 1140 1430 dum
1170 1392 1248 1428 for-

68 1466 170 1500 tasse
193 1462 272 1513 jam
287 1460 468 1512 Agrippa,
498 1460 564 1497 sed
594 1460 676 1497 sine
705 1460 886 1509 exercitu,
917 1460 1067 1497 rediens
1098 1465 1179 1497 erat
1209 1459 1246 1496 in

67 1528 225 1567 ltaliam.
282 1527 482 1567 Insanus
519 1541 664 1574 amor,
711 1528 907 1566 vehemens
945 1533 983 1565 et
1026 1528 1062 1565 in
1105 1526 1247 1578 perfida

66 1596 191 1648 puella
221 1595 381 1647 periens.
441 1595 517 1631 l'ro
549 1594 658 1631 debili
688 1600 726 1632 ct
755 1595 800 1632 ob
833 1597 966 1641 (lura,
998 1596 1096 1645 quod
1125 1595 1247 1645 sequi-

68 1670 149 1712 tur,
189 1664 309 1701 minus
346 1661 501 1700 ferendo
539 1664 641 1699 (luri
672 1663 859 1709 Martis,
904 1663 992 1714 lego
1031 1677 1105 1715 ego
1142 1665 1245 1708 (liri,

69 1732 167 1784 quod
197 1730 291 1769 liber
320 1744 416 1768 unus
446 1730 817 1781 Lugduno-Batavus
848 1736 886 1768 et
915 1736 992 1768 tres
1022 1730 1245 1769 Hafnienses

69 1799 125 1838 A.
170 1799 218 1839 C.
259 1799 318 1836 Ι).
363 1798 552 1849 praebent.
619 1798 801 1835 ,iunctura
848 1803 1038 1836 veterum:
1086 1801 1254 1847 procul

69 1874 259 1911 tantun&
300 1866 447 1917 procul,
486 1871 524 1902 et
559 1866 724 1916 quidem,
766 1867 902 1904 utinam
933 1867 968 1904 id
999 1868 1152 1905 credere
1182 1881 1246 1905 ne-

70 1935 218 1986 queam!
251 1941 339 1972 cam
369 1935 499 1983 louge
511 1939 530 1970 .‘
561 1956 613 1962 —
645 1935 756 1971 multo
787 1939 845 1971 est
874 1935 1110 1973 validissima.
1143 1936 1246 1980 Nam,

70 2016 148 2042 nec
176 2005 237 2040 eit
265 1999 369 2038 milti
398 2003 594 2048 credere,
638 2007 677 2039 ut
707 2003 940 2040 Camerarius
970 2004 1168 2049 suadebat,
1214 2003 1246 2040 si

71 2083 153 2109 cum
168 2076 337 2108 tantum
353 2069 625 2121 conjungimus,
642 2067 698 2120 μὴ
716 2068 865 2121 γίνοιτο
884 2073 1003 2108 τοῦτο
1022 2066 1245 2108 ’,ἰισῐεύεινΙ

71 2137 162 2176 nibil
198 2137 235 2174 id
273 2137 482 2175 declararet
519 2137 695 2188 aiinpliuS,
734 2143 990 2189 praeterquam
1030 2140 1126 2189 quod
1157 2139 1245 2176 illud

72 2205 211 2256 ipsum3
249 2205 357 2243 inodo
396 2204 558 2243 sortasse
589 2206 766 2257 jejunius.
824 2207 930 2245 Aliae
967 2207 1246 2252 hariolationes,

73 2272 191 2324 qualis
228 2280 395 2312 cantum
426 2272 615 2323 Alpinus
653 2278 792 2321 nivea,
835 2275 921 2313 nibil
958 2281 1106 2327 praeter
1143 2276 1247 2315 nives
