1472 2620
178 153 240 195 24
506 148 707 186 ECLOGA
737 148 799 186 Vl.
834 154 1024 188 31—36.

181 261 227 299 ad
257 274 384 312 pacem
414 259 671 297 Brundisinam
702 259 887 297 auctumni
916 259 1123 305 Dccxlv,
1160 273 1239 298 cum
1268 260 1345 298 suis

181 329 325 366 delituit
355 327 427 374 lx,
468 331 513 372 4,
553 339 690 363 memor
719 327 799 378 ejus
828 326 968 364 animus
998 325 1178 376 loquitur:

271 393 414 433 Villula,
453 402 540 435 quae
563 392 704 433 Swonis
729 403 821 434 eras,
854 397 886 425 et
911 402 1038 435 pauper
1060 392 1190 433 agelle,

380 449 504 481 Verum
530 447 578 480 ini
602 447 738 481 domino
763 453 796 480 tu
823 458 957 492 quoque
981 446 1136 480 divitiae:

266 504 325 537 Me
348 503 408 536 tibi
433 508 466 537 et
490 503 550 536 hos
575 515 641 536 una
665 514 815 545 mecum,
841 515 925 547 quos
950 514 1083 546 semper
1106 503 1230 546 amavi,

375 559 412 592 Si
438 560 515 603 quid
541 560 582 593 de
606 560 713 603 patria
736 559 862 593 tristius
887 560 1045 600 audiero,

265 615 490 657 Commendo,
516 615 548 648 in
573 616 757 659 primisque
781 622 922 659 patrem.
971 616 1024 648 'su
1052 626 1138 648 nunc
1162 615 1226 649 eris
1251 615 1300 648 ini

376 672 517 704 Mantua
542 672 630 714 quod
656 671 783 712 suerat,
820 671 978 715 quodque
1003 671 1170 705 Cremona
1195 672 1298 715 prius.

175 728 232 766 Ad
261 742 294 767 v.
325 733 391 768 74.
421 730 640 773 videbimus,
672 729 814 765 (iulium
844 742 1007 779 quoque,
1040 730 1144 781 cujus
1174 729 1214 766 fit
1245 742 1342 767 men-

175 795 246 842 tio,
285 810 305 834 e
343 797 534 846 disciplina
564 797 746 846 Epicurea
774 795 902 834 fuisse.
961 797 1016 834 Ex
1047 797 1235 846 Epicuri
1265 796 1343 847 opi-

174 863 285 901 nione
324 864 455 906 (Lucr.
495 863 536 910 V,
576 869 668 902 417.
708 864 806 900 Piut.
842 865 959 912 plac.
999 861 1115 901 Phil.
1153 867 1189 909 Ι,
1226 870 1269 909 3,
1302 867 1342 902 4.

175 931 288 981 Diog.
332 928 501 982 Luem),
545 943 649 980 (piam
681 943 702 967 a
733 930 921 980 Leucippo
953 937 990 967 et
1018 931 1231 967 Democrito
1262 929 1342 969 sere

174 998 341 1048 petebat,
372 984 551 1048 principio
582 997 760 1034 infinitum
793 1001 923 1035 inane
953 1004 1050 1041 erat,
1083 998 1118 1034 in
1150 1011 1221 1048 quo
1247 1007 1340 1036 ato-

172 1068 251 1110 mi,
297 1064 376 1103 sive
418 1071 590 1109 aeterna,
632 1065 819 1102 individua
860 1071 896 1101 et
926 1078 1019 1114 quae
1050 1072 1170 1102 mente
1200 1072 1342 1103 tantum

171 1131 302 1168 sentiri
341 1138 494 1182 possent
522 1133 789 1181 primordia,
830 1132 932 1169 varia
972 1138 1008 1169 et
1047 1131 1165 1169 forma
1203 1139 1240 1169 et
1269 1145 1343 1170 ma·

170 1198 368 1250 gnitudine
404 1205 442 1236 et
472 1199 652 1249 pondere,
684 1204 821 1236 temere
849 1199 946 1235 ultro
977 1199 1143 1249 citroque
1172 1198 1340 1236 fereban-

169 1270 241 1302 tur.
300 1266 418 1303 Multo
457 1266 593 1316 impetu
623 1265 744 1311 facto,
783 1266 819 1302 in
850 1274 956 1303 vasto
987 1266 1086 1303 inani
1115 1266 1172 1303 hic
1201 1273 1238 1303 et
1267 1266 1342 1304 illic

169 1332 354 1370 deformes
383 1333 497 1370 moles
529 1333 776 1384 cogebantur,
815 1345 909 1383 quae
939 1346 1046 1383 quum
1076 1333 1228 1370 seorsim
1259 1346 1341 1371 ver-

169 1406 361 1445 sarentur,
407 1400 690 1438 innumerabiles
721 1401 873 1437 mundos
903 1401 1189 1437 constituebant.
1249 1401 1340 1438 Nam

170 1480 279 1517 quum
311 1467 346 1504 in
378 1467 589 1504 turbulenta
619 1468 863 1505 concursione
895 1468 1174 1518 primordiorum
1204 1468 1340 1505 sensim

169 1534 378 1584 sensimque
415 1535 520 1585 paria
558 1548 636 1572 cum
668 1535 816 1585 poribus
847 1535 1174 1579 cohaerescerent3
1212 1548 1339 1573 secer-

169 1601 353 1638 uehuntur
390 1602 504 1639 variis
541 1608 581 1639 et
619 1601 748 1638 formis
779 1610 816 1639 et
846 1603 1013 1647 sedibus,
1056 1603 1231 1655 graviora
1260 1603 1339 1653 qui-

168 1669 248 1705 dem
289 1669 482 1714 deorsum,
531 1682 674 1706 sursum
706 1669 780 1706 luta
810 1669 970 1706 leviora:
1020 1669 1091 1716 ita,
1136 1676 1176 1706 ut
1205 1683 1251 1707 ex
1282 1669 1337 1706 his

167 1736 299 1772 atomis
344 1749 416 1773 non
455 1735 564 1773 aliter
600 1749 644 1774 nc
681 1737 933 1782 seminibus,
987 1737 1165 1787 principia
1202 1749 1336 1783 rerum,

165 1811 310 1848 terra,
359 1817 499 1854 aqua,
550 1809 630 1841 αέἰ·
675 1810 711 1840 et
750 1802 867 1854 iguis
905 1804 1100 1841 aethereus
1136 1804 1335 1841 orirentur.

165 1869 256 1907 Nam
297 1871 385 1907 haec
415 1883 559 1920 quoque
589 1884 763 1922 corpora,
814 1884 908 1921 quae
937 1871 982 1908 ab
1012 1872 1232 1922 Empedocie
1261 1871 1335 1909 ele-

168 1945 289 1974 mento
328 1950 411 1974 esse
449 1938 620 1975 dicuntur
657 1939 770 1976 Lucr.
810 1938 843 1983 Ι,
884 1943 1136 1985 713-717,
1179 1952 1226 1977 ex
1256 1938 1334 1989 pri-

166 2004 315 2042 mordiis
359 2004 473 2050 fiunt,
519 2018 611 2055 quae
658 2006 738 2056 ipsa
777 2006 1016 2056 Empedocles
1055 2008 1153 2044 Plut.
1192 2008 1226 2051 Ι,
1268 2012 1331 2045 13.

166 2078 350 2125 cognatas
381 2078 417 2109 et
448 2073 624 2109 rotundas
656 2073 864 2123 particulos,
897 2073 1104 2125 Leucippus
1135 2080 1170 2111 et
1197 2074 1331 2111 Demo-

164 2140 278 2177 critus
307 2139 420 2177 Arist.
449 2142 555 2178 cael.
587 2140 655 2184 ΙΙΙ,
696 2146 731 2179 2.
756 2139 803 2178 τὰ
821 2144 958 2190 πρώτα
975 2136 1157 2189 σώματα,
1184 2145 1331 2191 priua

164 2220 370 2257 corpora,
400 2207 582 2259 Epicurus
618 2214 738 2246 autem
768 2214 930 2254 ntorum,
960 2214 997 2246 et
1027 2208 1139 2246 Lucr.
1171 2209 1204 2254 Ι,
1236 2213 1328 2248 502.

165 2277 331 2313 semina
368 2289 512 2314 rerum
554 2282 588 2313 ct
625 2278 891 2324 primordia,
925 2276 1103 2328 principia
1130 2276 1328 2329 originum,
