1472 2620
158 136 220 176 96
491 130 696 169 ECLOGA
727 130 808 177 vlt,
841 135 1021 172 69—70.

157 243 380 292 Populus,
428 247 466 278 et
496 242 581 278 alba
610 247 649 278 et
679 241 809 293 nigra,
855 248 954 279 amat
986 242 1194 290 humorem3
1225 245 1344 282 miuus

157 311 316 363 populus
347 308 518 346 tremula.
578 307 738 354 Abies,
781 305 922 358 ἐλάτη,
963 309 1078 346 Abies
1110 308 1246 348 femina
1275 317 1346 356 est,

158 378 269 429 pinus
301 377 415 414 Abies
445 389 593 427 quoque
624 381 662 413 et
693 376 803 426 pinus
831 377 916 414 alba
947 376 1068 423 dicta,
1098 377 1240 415 Pium
1272 378 1347 417 1²5-

156 457 235 482 cea
254 443 308 481 L.
321 458 334 479 .·
367 456 463 494 quae
493 449 641 481 centum
672 449 711 480 et
740 443 1016 495 quinquaginta
1047 444 1161 495 pedes
1191 445 1346 496 amplius

156 511 307 563 frigidis
339 511 374 547 in
405 509 618 549 montibus
649 511 786 563 surgit.
848 511 1002 548 Abietes
1033 517 1071 548 et
1091 511 1239 558 larices,
1272 512 1348 550 Pli-

157 578 241 616 nins
273 578 410 628 inquit,
443 591 509 616 *ex
553 578 721 615 omnibus
753 578 949 615 arboribus
981 578 1184 616 altissimae
1215 592 1259 616 ac
1289 591 1347 617 re·

157 646 344 684 ctissimae
381 651 492 683 sunt:
525 646 560 682 in
594 646 710 682 malos
742 651 778 683 et
809 652 995 682 antennas
1026 645 1190 682 levitatis
1220 646 1347 698 gratia

157 712 261 751 abies
292 712 465 765 eligitur3
498 712 777 750 laudatissimae
810 718 896 750 sunt
927 712 963 750 in
989 713 1143 764 Alpibus
1167 719 1204 750 et
1222 719 1348 751 moute

156 780 354 831 Apennino
392 779 491 816 Plin.
522 779 632 824 xvi,
673 785 738 818 76.
799 782 890 816 Cum
930 780 986 817 his
1017 781 1208 818 altissimis
1239 781 1348 818 arbo·

157 847 260 884 ribus
296 860 364 883 suo
405 859 486 884 cum
523 859 670 897 quaque
701 846 737 883 in
768 847 852 884 loco
882 847 1086 898 Lycidae
1117 854 1276 887 venusto
1306 861 1347 885 se

159 926 379 964 comparare
417 913 563 959 licebit,
602 919 818 964 postquam,
859 916 992 952 crebro
1024 921 1207 952 amantem
1240 927 1348 952 suum

157 981 406 1027 conveniens,
439 986 672 1019 venustatem
704 994 807 1018 snam
839 982 1000 1019 auxerit.
1062 983 1104 1019 Si
1137 983 1246 1020 modo
1279 982 1349 1019 hoc

158 1049 407 1099 interpretes,
451 1049 513 1099 qui
544 1049 680 1087 victum
712 1049 889 1086 nolebant
919 1049 1090 1098 Thyrsin
1121 1061 1347 1101 agnoscere,

159 1116 267 1153 nimis
308 1129 426 1167 paene
463 1115 677 1161 ridiculum,
724 1116 822 1165 quod
867 1116 1130 1161 committitur,
1178 1116 1276 1167 apud
1307 1128 1349 1153 se

159 1183 419 1234 reputaverint
449 1184 616 1220 carmen!
663 1183 804 1221 Cedat
833 1183 965 1220 merito
996 1183 1173 1221 Heinsius
1203 1197 1250 1221 ex
1284 1197 1351 1221 an-

158 1251 377 1301 tiquissimis
422 1250 526 1287 libris
569 1250 720 1301 scriptis
765 1250 950 1296 restituit3
1009 1258 1182 1288 eventum
1228 1250 1349 1303 magis

159 1319 269 1356 etiam
302 1318 423 1355 reddit
453 1318 655 1363 incertum,
697 1331 804 1368 quam
836 1319 983 1355 cedet:
1023 1319 1122 1368 quod
1153 1324 1350 1370 praeterea

160 1398 240 1422 cum
273 1389 444 1423 revisas
476 1392 515 1423 et
545 1385 663 1436 ipsum
696 1385 918 1437 congruerit
951 1386 1017 1431 Π,
1054 1392 1116 1424 11.

275 1457 327 1492 69
354 1474 405 1480 --
432 1457 499 1490 70.
571 1453 801 1498 Meliboeus,
840 1452 958 1489 Musis
997 1466 1103 1503 opem
1141 1451 1349 1490 serentibus

159 1533 195 1558 v.
237 1523 308 1564 19,
349 1520 478 1556 horum
518 1525 660 1556 tantum
703 1519 865 1556 meminit
897 1520 1125 1557 alternorum
1157 1533 1348 1561 versuum:

160 1586 198 1625 in
229 1586 286 1623 his
316 1592 439 1623 autem
472 1599 545 1622 non
579 1587 718 1631 tutinus,
759 1600 866 1636 quam
899 1587 935 1623 in
968 1587 1147 1632 caeteris,
1179 1586 1347 1636 Thyrsin

160 1667 183 1691 a
225 1653 422 1705 Daphnide
464 1653 607 1689 arbitro
649 1653 783 1691 victum
815 1653 1042 1690 declaratum
1075 1667 1171 1691 esse.
1231 1655 1349 1691 Acute

160 1725 275 1772 poeta
322 1720 520 1757 :nendosas
565 1720 769 1769 Thyrsidis
815 1721 1026 1758 sententias
1072 1721 1140 1757 sub
1180 1721 1350 1771 poeticae

162 1788 417 1837 eloquntionis
463 1793 502 1824 et
542 1787 701 1837 rhythmi
740 1787 858 1824 melici
897 1788 1097 1838 splendore
1136 1788 1349 1826 occultavit.

161 1856 326 1905 Thyrsis
357 1855 480 1904 aliqua
513 1860 634 1892 tamen
667 1868 707 1891 re
738 1854 911 1905 speciosa
943 1855 1061 1906 plebis
1092 1854 1256 1893 savorem
1279 1855 1350 1893 sibi

162 1923 386 1960 conciliasse
418 1921 597 1967 debebat,
642 1928 684 1958 ut
715 1922 867 1974 dignuS,
899 1923 961 1972 qui
992 1924 1037 1960 ad
1070 1923 1242 1960 eximiam
1273 1923 1351 1959 lau·

167 1990 249 2027 dem
281 1990 485 2040 aspiraret,
518 1989 633 2027 vim-ri
668 1996 808 2039 posset.
870 1990 973 2027 Haec
1005 1991 1151 2028 tandem
1183 1990 1228 2026 ab
1260 1989 1349 2026 arti-

165 2055 236 2094 fice
282 2056 498 2107 Daphnide,
548 2057 735 2094 Meliboea
783 2058 1065 2103 consentiente,
1113 2057 1270 2093 diremta
1308 2057 1352 2094 lis

167 2123 377 2173 Corydonis
416 2123 585 2161 meritum
625 2129 706 2161 toto
749 2123 784 2161 in
817 2137 946 2175 cntnpo
979 2137 1117 2175 pascuo
1150 2123 1352 2162 confirma-

165 2190 243 2229 bat.
302 2191 559 2232 Quintilianus
589 2191 626 2227 Χ
658 2205 692 2242 p.
725 2196 807 2230 230
839 2192 897 2229 ed.
926 2191 1005 2242 Bip.
1039 2191 1083 2228 de
1115 2191 1351 2241 eloquentiae

166 2258 363 2307 operibus:
410 2259 512 2305 ille,
562 2257 700 2308 inquit,
745 2272 792 2297 se
816 2259 1064 2306 profecisse
1094 2261 1230 2304 aciae,
1277 2261 1350 2296 eun·
