1515 2620
440 137 645 177 ECLOGA
676 138 773 185 vm,
803 140 983 179 73—75.
1212 143 1302 184 159

111 250 171 288 Ad
200 261 349 288 carmen
379 248 491 287 lunae
520 248 744 302 defigendae
772 249 957 288 turbinem
989 253 1175 288 versatum
1203 262 1300 297 esse,

113 311 299 356 Martialis
330 320 493 354 testatur
522 317 595 362 lX,
628 322 702 355 30:

248 406 292 412 —
315 406 360 411 —
383 405 427 411 -
451 385 653 419 Thessalico
677 387 792 417 lunam
817 386 986 420 deducere
1009 387 1164 421 rhombo.

116 450 190 487 vix
228 450 298 488 boc
333 449 372 487 in
407 450 492 487 loco
530 449 576 486 de
619 447 881 486 Thessalica
917 454 999 487 arte
1039 451 1221 502 Virgilius
1251 450 1300 488 si-

114 516 247 562 luerit,
287 516 360 553 nisi
396 515 456 552 hic
494 515 701 554 devovendi
730 515 923 567 negotium
954 516 991 552 in
1022 517 1102 567 ipsa
1132 519 1302 556 Thessa-

113 583 165 621 lia
201 587 396 636 ageretur.
467 582 603 620 Luna
641 584 663 619 l
687 582 849 628 minuto,
897 584 1070 632 quoniam
1100 598 1173 621 non
1206 585 1300 632 Dea,

113 651 181 688 sed
225 653 344 700 ipsum
381 649 484 686 sidus
520 648 757 700 intelligitur.
816 650 875 684 Ex
915 649 1084 697 Odyssea
1121 652 1304 699 novimus,

114 716 151 754 in
173 717 301 754 Aeaea
330 715 453 754 insula
481 716 548 753 sub
579 715 818 753 Occidentem
848 714 1020 752 fabulosa
1049 717 1174 754 socios
1194 718 1304 766 Ulys-

114 783 168 820 sis
198 783 334 821 Circen
366 783 596 828 Coleliicam,
633 782 743 819 filiam
775 782 896 827 Solis,
928 788 1113 820 venenato
1145 788 1234 834 potu
1265 788 1305 821 et

116 849 191 887 ictu
231 850 364 901 virgae
401 850 572 901 magicae
602 850 638 886 in
671 849 811 886 bestias
841 848 1143 887 transformasse.
1209 850 1305 889 Ula·-

115 929 223 962 oeeS,
256 920 365 954 vetus
396 916 573 952 Italorum
606 916 862 965 pronuntiatio
893 930 960 965 pro
998 916 1232 966 Otlysseus,
1264 918 1303 955 iu

116 983 238 1020 altero
277 994 366 1020 casu
413 983 545 1019 Ulia-2·
577 982 656 1020 sive
693 981 851 1019 Ls'lioeei
882 982 1086 1020 dicebatur.
1146 985 1228 1021 Jam
1260 984 1306 1021 ab

118 1048 385 1099 antiquissimis
430 1047 627 1094 veneficis,
681 1049 779 1098 quod
825 1049 1035 1086 Bocliartus
1080 1051 1203 1087 multis
1243 1052 1306 1089 de-

117 1120 324 1162 monstrat,
356 1128 529 1164 angues
560 1120 599 1153 et
632 1111 827 1154 Calaber
856 1115 994 1162 Aspis
1026 1116 1305 1168 mitigabantur,

119 1182 383 1232 sopiebantur,
417 1195 561 1220 veneno
592 1182 852 1232 privabantur,
885 1184 1217 1232 protrahebantur,
1249 1184 1307 1222 fu-

118 1249 328 1301 gabantur,
365 1247 402 1284 in
442 1261 553 1285 cursu
591 1249 839 1295 sistebantur,
878 1249 1014 1299 torpidi
1043 1252 1309 1290 sternebantur

119 1319 186 1354 aut
223 1315 277 1352 ita
313 1315 571 1366 angebantur,
614 1320 655 1351 ut
692 1329 827 1365 corpus
857 1316 902 1352 iis
933 1321 997 1353 ant
1027 1318 1160 1354 collum
1191 1333 1308 1357 rvm-

116 1390 323 1432 71eretasr,
376 1386 414 1418 et
458 1387 654 1419 recantata
697 1381 817 1420 frusta
855 1383 1019 1429 coircnt3
1062 1384 1133 1420 nisi
1164 1386 1309 1422 scilicet

119 1461 246 1487 aurem
289 1461 393 1486 suam
438 1449 520 1486 voci
565 1448 754 1486 veneficae
795 1449 1035 1486 occluderent
1072 1455 1137 1487 aut
1175 1456 1309 1489 contra

119 1515 323 1553 stridentes
368 1514 680 1551 incantamentum
727 1514 897 1552 facerent
935 1516 1092 1555 irritum.
1151 1516 1307 1568 Frigi-

119 1584 201 1621 dus
230 1580 377 1633 frigore
405 1581 568 1618 naturali
598 1582 666 1626 lll,
699 1587 766 1620 93.

232 1651 412 1688 73—75.
472 1648 579 1698 Pupa
617 1648 735 1685 ternis
773 1647 845 1684 filis
887 1648 1054 1686 liciorum
1096 1651 1214 1688 tribus
1245 1665 1308 1689 co-

119 1716 261 1754 loribus
292 1715 449 1754 diversis
479 1728 502 1752 a
532 1728 645 1766 maga
676 1715 976 1766 circumligatur,
1016 1722 1052 1753 et
1083 1723 1139 1754 ter
1169 1719 1306 1756 circum

120 1796 223 1821 aram
260 1782 418 1820 ducitur.
450 1805 493 1810 -—
535 1782 629 1818 Post
667 1795 700 1819 v.
734 1786 784 1819 72
818 1782 852 1817 in
888 1782 1081 1819 llafnicnsi
1114 1785 1152 1821 C
1177 1798 1308 1822 versus

121 1854 329 1899 sequuntur
366 1853 550 1893 91—93,
589 1861 807 1897 quamquam
846 1848 943 1886 infra
980 1863 1048 1886 suo
1085 1851 1168 1888 loco
1198 1852 1309 1890 iidem

121 1917 300 1960 redeunt,
342 1919 381 1951 et
421 1928 454 1952 v.
496 1919 548 1953 76
591 1915 707 1952 deest.
768 1915 955 1953 Proximis
985 1917 1112 1954 incisis
1141 1919 1310 1968 Amaryl-

122 1983 198 2021 lida
228 1994 374 2032 quoque
405 1994 439 2019 v.
474 1987 525 2020 77
558 1982 761 2031 reperimus
792 1982 943 2032 aliquid,
976 1985 1072 2033 quod
1105 1985 1310 2035 Daphnidis

124 2049 285 2100 speciem
325 2048 454 2093 babet,
498 2048 702 2098 triplicibus
741 2048 812 2086 filis
850 2054 908 2086 ter
938 2050 1310 2098 circumvolventem3

124 2121 164 2154 et
192 2130 227 2155 v.
260 2120 314 2154 80
343 2115 584 2166 argillae-cam
618 2129 749 2165 pupam
779 2121 817 2152 et
847 2130 1003 2161 ceream,
1036 2122 1230 2167 utramque
1257 2118 1311 2155 ni-

124 2182 256 2220 mirnm
294 2181 459 2232 effigiem
490 2182 714 2232 Daphnidis,
753 2183 788 2218 in
821 2182 964 2220 flamma
994 2197 1082 2221 arim
1113 2185 1311 2234 repositas,

123 2250 254 2287 Utram
299 2261 410 2300 maga
448 2261 546 2286 nunc
583 2249 839 2300 circumligatt
887 2250 981 2287 Niliil
1021 2255 1091 2296 est,
1129 2252 1227 2302 quod
1264 2253 1310 2290 ad
