1515 2620
390 152 596 191 ECLOGA
624 150 692 198 lX,
724 155 902 191 66—67.
1231 155 1320 195 189

133 268 211 302 tur.
269 263 373 311 Hic,
404 263 441 301 in
471 263 601 301 umbra
629 263 738 314 hujus
767 260 908 300 arbusti
924 261 1084 298 nondum
1101 258 1214 306 tonsi,
1243 260 1320 298 lae-

132 333 258 368 tantes
288 330 466 380 adspectu
499 329 705 367 fertilitatis
746 334 784 366 et
814 328 938 378 operis
968 327 1118 373 rustici,
1163 326 1222 364 hie
1258 339 1316 364 re-

130 396 366 447 quiescamus
396 402 434 434 et
463 409 658 434 canamus:
689 408 770 445 pro,
800 395 994 444 requiesce
1012 400 1048 432 et
1066 407 1171 432 cane.
1209 394 1315 430 Man-

131 466 232 501 tuam
262 463 373 501 etiam
403 463 457 501 sic
485 462 578 500 satis
599 466 742 498 mature
758 462 1029 511 perveniemus,
1060 466 1100 497 ut
1124 473 1203 497 cum
1236 473 1315 498 cre-

130 530 288 580 pusculo
318 529 504 580 possimus
534 528 684 567 reverti.
744 528 891 570 Quodsi
921 533 1040 566 metus
1071 532 1150 576 est,
1182 541 1228 565 ne
1257 540 1317 566 re-

127 596 318 646 pentinum
348 601 542 635 ventorum
574 594 759 632 silentium
776 597 976 641 pluviam
994 594 1101 631 nobis
1121 595 1189 632 hac
1206 600 1318 633 nocte

126 661 230 713 prius
259 660 420 699 futuram
450 661 606 708 indicet3
636 659 799 699 haedos
831 661 916 697 mihi
946 660 1132 698 committe
1160 667 1314 711 portan-

127 728 215 774 dos,
246 731 288 764 ut
317 740 432 765 onere
461 728 607 767 levatus
637 732 677 764 tu
707 727 805 765 inter
823 727 982 765 eundum
1010 740 1146 765 canere
1176 729 1312 778 possis·

124 793 250 832 Plinio
280 798 435 833 auctore
464 796 510 841 ll,
542 789 595 835 4'8
626 803 758 833 ventus
789 807 811 831 a
839 794 965 844 pluvia
994 794 1198 846 mitigatur.
1237 795 1314 833 Nu-

123 861 191 899 bes
221 874 390 912 quoque,
422 875 518 912 quae
549 862 782 907 oboriuntur,
813 865 936 898 mente
960 861 1192 911 adjiciendae
1212 866 1312 900 sunt.

131 927 300 978 Usque,
335 928 485 977 proprie
516 928 561 965 de
590 927 734 977 spatio,
766 929 867 966 iude
897 928 952 964 ab
981 929 1134 966 ultimo
1164 936 1208 966 et
1234 942 1314 966 ex-

123 1001 261 1032 tremo
292 996 495 1041 termino,
534 998 598 1030 aut
635 994 790 1030 ultimo
822 1001 867 1031 ec
901 1002 1097 1031 extremo
1128 998 1312 1033 termino

122 1067 275 1105 tenu&
317 1060 470 1106 deinde,
510 1060 558 1097 ad
588 1064 732 1110 tempus
763 1060 1003 1107 translatum,
1041 1075 1132 1098 mea
1157 1074 1313 1110 perpe-

122 1130 304 1165 tuitate:
344 1126 647 1176 quemadmodum
673 1134 887 1173 protenus
918 1128 951 1172 Ι,
1001 1133 1063 1165 13.
1141 1128 1314 1169 Quatuor

121 1192 351 1230 Hafnienses
389 1197 427 1230 et
463 1191 690 1244 Lengnichii
729 1191 822 1229 liber
868 1193 1005 1230 habent
1041 1192 1204 1240 Ictetlec,
1251 1195 1313 1233 via

122 1262 211 1298 erit
238 1258 358 1295 minus
388 1259 564 1297 molesta:
597 1270 692 1308 quae
722 1258 858 1296 idonea
888 1264 946 1296 cst
975 1261 1182 1308 sententia3
1220 1263 1311 1299 lae-

123 1326 202 1365 dac
232 1325 424 1363 oriebatur
454 1339 502 1363 ex
533 1338 704 1370 eamus,
736 1326 835 1374 quod
864 1326 1024 1364 vicinum
1057 1332 1127 1366 est.

237 1396 430 1431 66—67.
506 1391 630 1428 Tristi
675 1391 879 1429 severitate
924 1394 1066 1431 Moeris
1106 1394 1310 1444 juvenilem

122 1458 204 1510 ejus
234 1458 400 1510 castigat
429 1458 637 1503 levitatem,
677 1458 775 1507 quod
814 1459 987 1495 carminis
1025 1460 1310 1498 delectationem

121 1524 301 1562 ludicram
340 1537 438 1562 nunc
474 1524 564 1562 velit
603 1536 830 1573 exposcere,
875 1537 984 1574 quum
1022 1526 1096 1562 tale
1132 1525 1307 1574 officium,

121 1590 241 1641 qualis
270 1589 455 1641 profectio
486 1590 533 1627 ad
563 1589 732 1634 militem,
770 1590 930 1627 animum
966 1604 1070 1628 suum
1109 1592 1308 1630 sollicitum

119 1656 269 1695 habeat.
328 1657 565 1706 Voluptatem
596 1655 753 1693 canendi
784 1655 907 1693 reditu
938 1661 1081 1695 tantum
1111 1658 1306 1697 Menalcae

121 1723 179 1761 sui
208 1722 278 1761 sibi
308 1722 483 1762 renovari
513 1734 636 1773 posse.
