1472 2620
161 169 221 207 lm
492 160 694 198 ECLOGA
724 160 793 205 Vl,
823 164 1013 199 64-66,

161 274 383 327 goediarum
419 272 580 322 scriptor
619 272 833 317 Romanus,
872 270 1038 307 senatori
1075 271 1182 308 alicui
1214 272 1330 308 nobili

161 343 197 380 J.
229 341 402 385 Caesari,
447 340 592 389 quoties
623 339 654 375 is
684 339 719 375 in
752 343 942 389 poe'tarum
973 343 1117 374 coetum
1147 339 1330 384 veniebat,

159 421 350 458 numquam
391 407 596 457 adsurgere
632 406 795 451 solebat,
842 420 912 442 non
954 405 1139 442 immemor
1176 405 1330 455 quidem,

159 476 255 513 illius
288 474 447 519 ordinis,
479 474 543 511 sed
574 474 745 524 quoniam
777 473 856 519 hic,
888 472 947 510 ubi
979 473 1023 510 de
1055 472 1225 523 εει-ἱρῆς,
1257 486 1329 509 non

159 544 204 580 de
235 543 410 593 majorum
441 542 681 594 imaginibus,
714 547 898 578 certamen
931 546 1048 586 esset,
1087 540 1232 577 sibimet
1263 539 1332 590 ipsi

159 611 240 662 plus
278 610 474 647 tribuebat.
536 609 693 661 Virgilio
725 614 761 646 et
793 609 882 659 ipsi,
922 621 1029 657 quum
1061 621 1107 645 ex
1139 609 1219 659 ejus
1249 620 1330 645 ver-

158 678 258 715 sibus
299 677 334 715 in
373 678 516 714 theatro
555 676 791 721 audirentur,
838 675 1033 712 universus
1069 675 1223 726 populus
1254 675 1329 711 Ro-

158 759 288 783 manus
325 744 556 791 adsurrexit,
594 749 631 781 et
669 743 766 780 forte
798 749 1028 793 praesentem
1061 743 1156 780 inter
1186 748 1329 793 specta-

158 818 260 851 tores
307 817 451 864 poetam
494 824 565 848 non
605 824 712 848 secus
749 816 859 860 atque
896 812 1104 863 Augustum
1142 809 1328 847 reveritus

158 886 227 919 est.
286 881 502 918 Postremus
532 891 661 916 versus
691 891 711 915 e
742 878 945 915 rarioribus
977 878 1154 928 exemplis
1186 883 1260 922 est,
1292 877 1327 914 in

157 949 290 1000 quibus
331 960 461 985 versus
499 946 630 983 incisio
669 959 748 982 cum
787 946 970 982 incisione
1009 945 1216 983 sententiae
1254 958 1327 981 non

156 1014 350 1067 congruit3
398 1027 528 1052 versus
566 1014 709 1064 quidem
747 1013 791 1050 ad
823 1011 1003 1058 Phoebi,
1047 1012 1235 1050 sententia
1265 1012 1327 1048 de-

155 1097 249 1121 mum
281 1083 327 1120 ad
356 1080 514 1120 chorus
544 1081 692 1126 residit3
732 1079 781 1117 cf.
813 1082 882 1126 ΙΙΙ,
925 1087 990 1118 33.
1051 1080 1219 1116 Eximius
1250 1078 1327 1128 qui-

156 1152 237 1188 dam
277 1155 408 1201 poeta,
447 1150 551 1200 cujus
582 1148 772 1199 praeclara
802 1147 911 1184 etiam
944 1147 978 1183 in
1011 1146 1214 1183 doctrinam
1246 1159 1326 1182 ver-

154 1232 259 1257 suum
304 1217 435 1255 merita
479 1230 583 1253 nemo
629 1229 685 1252 me
716 1214 931 1267 religiosius
970 1220 1138 1259 veretur,
1187 1227 1234 1251 ex
1272 1212 1326 1249 his

155 1286 334 1337 exemplis
380 1283 543 1336 colligit,
589 1288 735 1321 veteres
779 1296 909 1321 versus
955 1283 1190 1319 hexametros
1228 1280 1327 1317 nulla

154 1354 334 1393 incisione
371 1352 533 1390 scribere
564 1350 801 1395 sustinuisse,
841 1355 877 1387 et
907 1349 1012 1386 nobis
1043 1362 1189 1400 quoque
1221 1360 1326 1399 prae-

154 1427 298 1473 ceptum
339 1426 422 1471 post
461 1420 609 1470 longara
650 1419 707 1456 vel
746 1418 891 1455 brevem
924 1417 1099 1467 syllabam
1139 1417 1173 1453 in
1213 1416 1323 1453 tertio

153 1491 246 1535 ictu,
294 1493 331 1526 et
370 1492 453 1538 post
492 1487 640 1537 longam
685 1485 719 1521 iu
752 1491 882 1535 quarto
915 1484 1098 1522 incidendi
1130 1484 1323 1535 negligere

153 1558 279 1596 licere.
339 1555 413 1592 Sed
447 1568 551 1592 nemo
584 1554 749 1590 Graecus
782 1554 1016 1590 Romanusve
1047 1558 1134 1589 ante
1165 1550 1323 1588 novissi-

154 1639 233 1662 mos
270 1623 500 1673 Byzantinos
538 1621 631 1657 hanc
662 1620 827 1671 regulam
860 1620 1050 1671 migravit;
1090 1632 1195 1656 nemo
1228 1631 1322 1655 unus

155 1704 284 1732 versus
321 1691 556 1727 hexametros
587 1687 751 1738 scripsit,
790 1687 919 1737 quibus
951 1688 1006 1725 vel
1037 1687 1232 1724 volubilior
1262 1686 1322 1723 illa

154 1773 258 1798 mora
295 1772 380 1796 meo
412 1757 638 1795 individuo
675 1755 880 1792 vocabulo
913 1755 1184 1799 retardaretur,
1223 1754 1320 1804 quod

152 1839 295 1882 genus:

241 1905 350 1943 Jetzt,
386 1900 450 1933 wie
481 1900 535 1932 die
569 1900 736 1942 wogende
768 1898 926 1933 Meerflut
975 1899 980 1942 Ι
1031 1900 1215 1939 donner-te,
1256 1897 1321 1931 hob

353 1957 422 1991 sich
448 1956 629 1990 Poseidon.

153 2033 253 2070 Sane
276 2041 384 2068 vero:

240 2109 349 2147 Jetzt,
400 2103 464 2137 wie
502 2104 560 2135 des
592 2102 782 2143 wogenden
813 2103 926 2136 Meers
977 2102 983 2143 Ι
1030 2102 1110 2133 Flut
1143 2101 1317 2138 donnerte‚

352 2161 417 2194 hob
442 2159 511 2193 sich
538 2158 716 2192 Poseidon.

153 2234 283 2277 Qualis
313 2244 442 2271 versus
472 2230 703 2273 hexameter,
735 2229 903 2278 quoniam
934 2234 1016 2278 post
1047 2227 1193 2264 stleers
1224 2226 1317 2263 lenis

155 2300 300 2352 requies
330 2304 410 2345 est,
453 2311 525 2336 non
557 2302 695 2335 tantum
727 2296 959 2339 conceditur,
997 2295 1080 2339 sed,
1119 2295 1165 2332 ob
1196 2294 1315 2346 longi-
