1515 2620
183 176 270 216 183
560 167 766 207 ECLOGA
795 168 862 217 IX,
895 170 1074 210 59—64.

179 282 296 320 lebria
325 282 473 330 lateque
505 279 707 330 conspicua
741 280 788 325 V,
822 284 895 326 40,
937 285 998 326 ut,
1037 279 1135 330 quod
1165 281 1283 320 Varro
1315 283 1368 320 tle

180 350 293 398 ling.
325 349 404 385 lat.
436 346 486 392 V,
517 361 552 397 p.
572 351 624 385 04
655 346 713 384 ed.
746 346 830 397 Bip.
861 346 933 392 ait,
976 350 1261 396 praetereuntes
1290 361 1368 384 mo-

179 418 332 459 nerent,
364 417 482 450 semet
511 411 648 459 fuisse,
681 418 718 450 et
749 413 822 450 iliis
854 417 1008 450 mortem
1039 412 1194 450 instare.
1253 411 1366 450 Bia-

177 494 276 526 nor,
320 480 419 530 quod
457 479 612 518 Servius
643 479 815 527 tradidit,
857 479 1034 530 principis
1073 478 1224 516 Etrusci
1263 477 1370 517 Ocm‘

177 546 256 585 sive
287 546 435 584 Aucni
466 559 675 598 cognomen
714 552 815 592 erat,
855 545 921 583 filii
952 559 999 583 ex
1031 545 1217 582 Tiberino
1249 550 1368 599 patre,

176 612 309 660 fluvio,
342 619 380 651 et
409 614 538 651 Manto
570 612 742 659 fatidica,
781 613 843 664 qui
873 613 1065 650 Mantuam
1095 612 1176 651 sive
1206 611 1373 650 condidit

176 680 255 719 sive
286 680 458 725 munivit,
490 680 583 717 Aen.
611 680 668 725 X,
705 684 804 726 1983
836 693 943 731 quam
973 692 1108 732 vagam
1138 678 1272 716 famam
1303 691 1370 730 po-

175 748 362 798 pularem,
409 747 538 796 quales
575 759 704 783 omnes
741 751 829 783 sunt
861 747 1024 798 ejusdem
1068 745 1243 798 generiS,
1285 758 1367 783 cum

180 815 317 852 Servio
360 819 481 851 tamen
517 813 626 850 Cato
663 826 811 863 quoque
850 813 886 849 in
925 813 1143 865 Originibus
1187 811 1367 863 suscepit,

174 881 385 926 Mantuam,
431 880 558 917 dicens
610 880 707 930 apud
756 880 933 926 Cerdam,
988 879 1100 917 Ocno
1147 879 1366 925 Bianoro,

174 948 342 998 principe
373 948 545 993 Etrusco,
578 947 774 984 conditore
804 960 886 988 sun,
917 947 1077 983 nominis
1108 946 1365 984 celebritatem

173 1018 320 1051 nactam
352 1027 449 1052 esse.
510 1014 759 1065 Striagere,
791 1015 944 1059 radere,
974 1014 1168 1058 abradere,
1199 1025 1367 1063 carpere,

173 1081 344 1118 tondere.
404 1082 484 1118 Hae
514 1081 658 1130 quidem
691 1086 879 1130 postrema
900 1085 1087 1130 potestate
1104 1078 1249 1115 Nonius
1266 1079 1368 1115 Mar-

174 1147 289 1185 cellus
320 1147 355 1184 id
385 1147 521 1197 accipit
552 1151 590 1183 et
619 1146 677 1183 hic
709 1151 746 1183 et
775 1147 845 1184 Lb.
879 1147 930 1192 11,
964 1151 1062 1193 368,
1095 1147 1366 1192 raresacere,

174 1216 414 1253 excindere
444 1214 480 1250 id
511 1214 802 1264 interpretatus,
835 1214 858 1251 i.
880 1227 913 1251 e.
934 1218 1057 1250 aerem
1076 1212 1286 1257 immittere,
1318 1211 1367 1250 ad

173 1286 297 1319 affrem
337 1281 602 1318 immittendum
641 1293 835 1318 exsecare.
908 1281 1040 1318 Sermo
1089 1284 1147 1317 est
1183 1279 1281 1317 enim
1320 1279 1366 1316 de

172 1349 339 1386 sectione
376 1347 565 1386 frondium
605 1344 879 1398 (fronclute'o)
920 1346 1153 1385 vitiferarum
1191 1346 1366 1384 arborum

174 1413 418 1466 (arbusta),
450 1415 583 1465 quibus
613 1414 784 1466 agricola
814 1428 836 1451 a
858 1413 917 1451 die
932 1413 1153 1466 longissimo
1185 1413 1232 1450 ad
1263 1425 1365 1450 men-

173 1494 250 1518 sem
283 1494 401 1531 usque
431 1481 643 1532 Augustum
675 1487 740 1518 aut
770 1494 898 1526 mane,
937 1485 1021 1526 aut,
1059 1480 1158 1530 quod
1187 1480 1264 1526 bic,
1297 1479 1366 1517 sub

170 1560 367 1598 vesperum
398 1552 549 1584 teneras
580 1545 752 1592 frondes,
791 1558 886 1596 quae
917 1547 1202 1591 obumbrarent,
1233 1547 1365 1583 deton-

169 1614 298 1659 tcbnt,
329 1614 376 1651 ad
406 1613 577 1663 pabulum
608 1625 673 1649 eas
703 1613 882 1650 adhibens
915 1614 942 1657 Ι,
974 1617 1040 1651 57.
1099 1612 1258 1657 Pabulo,
1292 1610 1367 1649 Pli-

169 1680 253 1717 nius
284 1680 403 1731 inquit
432 1679 576 1724 xvlil,
609 1683 680 1723 68,
711 1678 798 1715 ulmi
829 1677 919 1715 folia
949 1681 1141 1728 stre‘ngIs
1171 1678 1196 1715 i.
1214 1691 1247 1716 e.
1278 1683 1365 1715 ton-

171 1748 249 1784 ch.
324 1747 530 1783 Cuiumella
559 1750 662 1783 vetat
692 1745 745 1790 V,
785 1750 829 1790 6,
874 1750 943 1790 16,
983 1758 1028 1781 ne
1070 1745 1152 1794 quis
1193 1745 1365 1796 germina

172 1812 396 1864 (pollices)
430 1813 487 1852 vel
520 1812 627 1849 nimis
659 1811 875 1862 promittat,
916 1811 972 1849 vel
1012 1811 1119 1847 nimis
1158 1824 1275 1861 prope
1306 1819 1362 1848 της

170 1894 251 1918 mos
282 1881 464 1917 decurtet.
532 1879 646 1915 Jubet
677 1891 823 1928 quoque
855 1877 1080 1928 Calpurnius
1110 1877 1165 1928 Y,
1205 1882 1285 1923 99,
1324 1877 1362 1914 in

170 1947 356 1986 vindemia
386 1946 582 1984 arboribus
613 1945 659 1983 ad
691 1945 862 1995 pabulum
895 1944 930 1980 in
962 1944 1116 1982 hiemem
1147 1944 1282 1982 laetius

260 2040 304 2047 —
328 2041 372 2047 —
395 2040 439 2045 —
463 2026 598 2056 teneras
629 2021 824 2053 summatim
847 2019 1017 2062 stringere
1052 2020 1091 2062 (i.
1118 2030 1145 2052 e.
1172 2018 1361 2062 detondere)

929 2086 1043 2117 Vli‘gaS

171 2148 353 2187 Densae
372 2147 584 2194 frondes,
615 2145 747 2195 quibus
777 2157 871 2183 uvae
901 2144 937 2181 in
962 2142 1193 2182 altitudinem
1226 2156 1360 2193 repen-

173 2219 229 2251 tes
267 2213 418 2251 liberari
459 2212 616 2257 debent,
665 2211 941 2249 frondutionem
983 2210 1110 2254 istam,
1157 2222 1253 2259 quae
1291 2209 1359 2247 sub

173 2280 308 2317 mensis
323 2279 487 2331 Augusti
517 2278 631 2317 fiebat
662 2278 782 2325 initio,
814 2277 934 2330 magis
959 2289 1186 2315 communem
1218 2280 1358 2313 testan-
