1472 2620
138 166 200 208 84
474 157 680 197 ECLOGA
710 158 791 204 vn,
823 162 1002 197 37—40.

139 273 367 313 Hafnienses
406 284 534 308 omnes
565 278 606 308 te
637 270 753 314 laza,-
800 269 881 307 tila·
913 269 1003 307 illud
1031 270 1200 322 vulgaris
1231 275 1334 308 esset

142 340 347 385 sermonis,
386 338 481 376 male
520 351 674 376 sonans.
735 336 968 375 Sacrificium
1001 342 1143 374 tantum
1174 351 1330 389 pauper·

142 409 272 447 timum
311 407 357 444 ab
397 405 547 443 hortulo
578 406 670 443 deus
701 405 735 442 ei
766 411 992 455 exspectare
1025 410 1172 454 potest3
1217 418 1333 456 parvo

143 476 240 515 enim
284 473 425 512 Miconi
464 473 608 524 parvuli
646 472 785 523 aliquid
823 472 903 523 ipse
942 472 1094 510 volebat
1131 484 1334 522 opponere.

144 543 317 594 Repente
347 548 473 581 votum
505 540 680 587 alterius,
719 540 781 590 qui
814 540 914 591 prior
945 540 1153 586 cecinerat,
1185 539 1336 578 vincere

145 610 271 656 lubet,
311 609 450 660 etjam
482 622 640 661 gregem
671 621 818 658 quoque
849 608 940 644 deus
971 607 1005 645 ei
1036 607 1214 645 custodit.
1278 606 1340 644 Si·

146 691 262 730 gnum
290 676 361 714 iste
387 677 433 714 de
458 675 584 714 futura
600 675 782 713 felicitate
804 680 1095 713 consecraturus
1120 681 1202 712 erat
1223 688 1337 712 mar·

145 758 359 783 morenm:
407 743 487 794 ipse
524 744 569 780 de
608 743 869 794 praesentibus
907 741 1069 780 fortunis
1100 742 1194 780 idem
1226 742 1336 779 modo

148 812 286 857 effecit,
318 824 536 861 quamquam
568 812 713 859 lignei
743 809 836 846 alias
862 809 1002 860 Priapi,
1035 809 1182 848 infabre
1204 808 1340 860 sculpti

149 886 187 918 et
216 879 330 916 minio
362 877 512 915 obducti
543 877 598 922 Χ,
641 882 713 923 27,
745 877 842 915 inter
873 877 1040 915 homines
1072 877 1234 915 rusticos
1264 875 1341 914 uui-

148 947 219 985 tuti
252 952 380 991 crant3
428 944 560 995 quodsi
592 958 711 996 grex,
756 958 863 994 quem
895 958 1005 982 casus
1035 945 1169 995 aliquis
1201 945 1339 981 minue·

149 1019 229 1059 rat,
261 1012 411 1050 foetura
442 1013 688 1060 suppletus,
721 1024 767 1049 ne
799 1018 931 1049 nuctus
962 1012 1130 1062 quidem,
1175 1012 1260 1057 erit,
1290 1010 1341 1048 si-

149 1086 226 1119 stet
257 1094 456 1118 aureum.
515 1080 642 1118 Minus
679 1079 837 1116 ridicule
867 1093 1010 1116 messor
1040 1078 1212 1129 profecto
1242 1077 1341 1129 opud

154 1148 400 1187 Theocritum
433 1147 489 1192 Χ,
523 1152 574 1186 32
606 1160 647 1184 se
672 1147 816 1197 jactat:

287 1236 319 1270 Ο
345 1236 472 1268 utinam
498 1234 579 1267 mihi
604 1234 691 1277 sint,
717 1233 838 1267 Croesi
863 1243 1098 1278 quaecumque
1122 1232 1295 1266 seruntur!

286 1293 422 1325 Aureus
448 1292 482 1324 in
509 1292 654 1326 Veneris
679 1296 848 1324 staremus
874 1295 907 1323 et
933 1301 1038 1323 aurea
1063 1291 1204 1333 templo.

267 1365 319 1400 37
347 1383 399 1390 -—
424 1364 494 1400 40.
552 1360 751 1411 Corydon,
798 1359 1016 1398 armentarii
1058 1359 1174 1397 Siculi
1213 1370 1346 1410 perso·

153 1441 237 1467 narn
269 1441 427 1480 gerens,
477 1441 498 1465 a
529 1428 708 1473 Galatea,
761 1428 920 1479 nympha
950 1428 1113 1473 marina,
1154 1432 1343 1478 precatur,

154 1502 216 1541 ut,
247 1495 343 1533 bene
373 1494 405 1531 si
436 1495 555 1532 adhuc
586 1495 620 1532 ei
652 1495 760 1540 velit,
800 1496 948 1545 vesperi
979 1509 1060 1532 eum
1093 1495 1128 1532 in
1161 1506 1250 1531 casa
1279 1492 1345 1529 sil-

154 1562 271 1602 vestri
308 1562 520 1600 conveniat.
556 1583 611 1590 —
650 1561 779 1614 Fingit
815 1575 857 1598 se
895 1575 976 1599 cum
1018 1562 1136 1599 bobus
1166 1561 1244 1598 suis
1275 1559 1342 1597 sub

156 1642 352 1680 vesperum
391 1629 427 1665 in
466 1641 534 1666 ora
572 1629 776 1673 maritima,
822 1629 1002 1679 deamque
1040 1630 1150 1665 modo
1186 1640 1344 1678 conspe·

157 1702 274 1742 ctam,
312 1696 367 1733 uti
405 1695 571 1740 videtur,
621 1695 657 1732 in
696 1695 805 1732 undis
838 1696 915 1746 jam
956 1709 1085 1733 rursus
1123 1696 1344 1733 demersam.

156 1762 403 1809 Philoxenus,
435 1776 484 1801 ex
516 1763 680 1813 Cythera
711 1762 845 1808 insula,
879 1764 1029 1801 Platoni
1060 1764 1240 1814 aequalis,
1270 1763 1346 1800 Po·

155 1830 315 1882 lyplnemi
371 1831 546 1881 Cyclopis
598 1830 635 1867 in
685 1829 924 1869 Galateam
968 1844 1130 1869 amorem
1177 1845 1224 1869 ex
1271 1843 1344 1881 quo

156 1903 387 1937 commentus
429 1897 571 1948 fuernt3
620 1898 752 1935 crebro
791 1899 849 1936 luc
879 1912 985 1936 amor
1013 1899 1239 1936 carminibus
1269 1911 1344 1935 non

157 1966 275 2003 solum
312 1965 463 2002 rusticis
503 1970 706 2010 tractatus,
744 1966 810 2003 sed
851 1967 1002 2017 pulchra
1033 1967 1166 2004 Nereis
1192 1974 1343 2016 pasto-

157 2046 254 2070 rum
285 2045 432 2082 quoque
462 2031 498 2069 in
531 2031 822 2070 stiiniliaritatem
853 2034 1016 2072 admissa
1038 2040 1108 2071 est.
1166 2034 1344 2071 Moschus

155 2098 194 2137 in
225 2100 326 2137 luctu
357 2099 403 2136 de
432 2099 552 2136 Bionc
583 2099 674 2136 dicit
704 2100 775 2145 ΙΙΙ,
807 2104 877 2139 59;

201 2187 281 2220 Flet
306 2186 450 2220 Galatea
474 2190 568 2219 tuum
595 2197 733 2220 carmen
758 2198 915 2232 qnoque,
941 2198 1007 2231 qno
1033 2189 1215 2221 recreabas

199 2242 411 2276 Haerentem
437 2254 543 2287 prope
569 2247 603 2276 te
627 2243 728 2276 toties
754 2244 794 2276 ad
821 2244 920 2277 litora
945 2243 1053 2287 ponti.

199 2298 364 2332 Carmina
388 2310 456 2332 non
481 2298 643 2342 Cyclopis
667 2299 757 2332 enim
781 2298 917 2333 fuerant
940 2304 1017 2340 tun
1042 2298 1182 2342 pulchra
