1472 2620
173 170 232 210 74
509 162 712 200 ECLOGA
741 162 819 209 vn,
850 167 936 200 6—
951 168 1013 201 13.

172 290 252 315 cum
282 275 454 314 admixtis
483 276 689 323 capellis,
721 287 795 310 non
825 273 928 324 sequi
958 286 1031 310 non
1061 275 1193 324 potuit.
1252 274 1340 312 De-

171 350 405 383 erraverat
447 347 696 387 contractum,
743 341 851 392 quale
892 340 990 391 apud
1026 340 1237 378 Lucretium
1276 343 1339 388 ΙΙΙ,

172 417 265 451 873.
319 412 464 460 Caprae
501 423 625 447 mense
662 408 860 447 Novembri
897 407 1094 458 concipere
1130 413 1168 445 et
1204 408 1339 446 Martio

171 491 296 516 mense
327 490 456 529 parere
487 477 676 522 solebant3
708 476 825 513 tribus
855 475 1039 512 mensibus
1065 481 1149 526 post
1179 476 1342 526 capellae

171 561 193 585 a
222 552 339 583 matre
361 544 536 596 depulsae
562 545 619 583 vel
645 544 747 581 solae
771 543 1036 595 pascebantur,
1067 544 1123 581 vel
1149 557 1228 581 cum
1255 556 1341 580 acu-

170 614 277 652 leatis
307 614 353 651 ad
384 626 451 650 ora
481 612 652 662 capistris
681 612 793 664 gregi
820 611 1126 648 admiscebantur.
1187 611 1262 648 Sed
1287 611 1342 648 bis

170 682 358 734 parientes
398 680 468 717 Lb.
500 680 552 727 ll,
594 684 672 719 150
711 679 777 716 sub
815 679 967 716 hiemem
1008 691 1152 730 quoque
1197 685 1341 729 partum

170 749 349 794 edebant,
392 748 489 798 quod
520 753 576 784 est
606 747 642 783 in
672 747 790 798 prima
818 747 951 799 ecloga
980 761 1015 786 v.
1049 751 1120 785 14:
1163 745 1341 797 eiusmodi

170 818 336 868 capellae
366 815 617 853 auctumnales
657 819 694 851 et
724 814 782 851 bic
812 820 849 851 et
880 815 947 860 Ill,
979 820 1030 853 34
1069 813 1342 865 intelliguntur.

170 886 269 922 Ecce
306 884 329 920 ii
369 883 453 927 tibi,
499 896 521 919 a
559 895 671 932 capro
708 895 825 932 usque
862 882 907 919 ad
946 882 1124 932 capellas!
1176 880 1343 932 Daphnis

172 952 372 996 exclamat,
415 950 498 986 dum
529 950 776 995 demonstrat,
824 950 1035 987 advenienti
1065 949 1248 986 Meliboea
1280 949 1345 985 ob-

171 1020 278 1065 viam,
309 1018 367 1056 cui
389 1017 600 1055 fruticetum
624 1031 688 1055 eos
714 1017 831 1054 adbuc
852 1017 1026 1054 occultat.
1074 1017 1215 1058 Quodsi
1239 1029 1344 1066 prae-

171 1093 275 1125 terea
304 1086 418 1123 otium
448 1086 514 1122 tibi
544 1090 620 1132 est,
651 1085 732 1121 sine
762 1098 827 1121 eos
857 1085 905 1121 ibi
935 1097 1107 1134 pascere,
1140 1090 1177 1121 et
1207 1084 1274 1121 bac
1306 1083 1343 1120 in

170 1156 299 1193 umbra
320 1168 341 1191 a
370 1153 555 1205 fatigante
585 1165 694 1190 cursu
724 1152 929 1201 requiesce.
987 1151 1201 1201 Paulisper,
1232 1163 1344 1201 quae-

171 1236 233 1269 se,
274 1222 531 1272 circumspice,
578 1233 684 1270 quam
716 1219 837 1256 ‹iiunia
867 1232 1021 1256 amoena
1051 1219 1142 1255 sint!
1202 1218 1344 1255 Tribus

171 1290 383 1343 pastoribus
414 1289 509 1325 humi
542 1288 669 1324 stratis
700 1287 785 1337 quid
816 1287 960 1324 consilii
990 1287 1057 1332 sit,
1096 1300 1142 1323 ex
1174 1286 1254 1337 ipso
1286 1299 1345 1323 or-

172 1360 256 1396 dine
287 1371 411 1395 eorum
442 1357 649 1395 Meliboeus
685 1360 904 1407 auguratur.
971 1355 1134 1400 Boves,
1181 1353 1242 1404 qui
1281 1367 1345 1405 po-

171 1431 245 1464 tum
277 1439 361 1462 mox
392 1425 460 1475 ipsi
491 1424 640 1462 venient
672 1421 880 1469 (venient,
922 1436 995 1460 non
1027 1421 1242 1467 veniunt),
1281 1435 1345 1458 ne-

170 1494 278 1532 minis
316 1506 398 1530 esse
435 1492 528 1528 alius
567 1497 741 1541 possunt,
786 1496 1040 1540 praeterquam
1074 1488 1342 1539 Daphnidis,

171 1561 302 1600 arbitri
332 1559 494 1605 evocatig
526 1559 596 1596 nisi
627 1559 657 1595 si
688 1558 749 1608 qui
773 1558 866 1603 sint,
898 1558 1058 1608 quisine
1083 1559 1238 1610 negotio
1262 1571 1343 1595 eum

171 1630 343 1683 cogitare
373 1627 512 1664 malint.
571 1627 737 1663 Excusat
765 1639 825 1670 se,
856 1639 921 1662 cur
951 1626 1008 1662 bic
1037 1626 1228 1676 quiescere
1260 1640 1344 1677 pos-

172 1699 241 1745 sit,
282 1698 375 1734 bene
406 1694 656 1732 institutorum
683 1694 923 1744 jmencorum
955 1694 1239 1739 consuetudine,
1284 1693 1344 1744 qui

172 1780 239 1805 sua
277 1770 384 1802 sonte
421 1762 590 1808 veniant,
642 1761 810 1810 interque
852 1761 981 1798 suavia
1024 1761 1236 1811 spectacula
1276 1762 1345 1799 boc

171 1834 324 1886 primum
355 1832 462 1869 laude
493 1830 599 1867 tollit.
658 1828 801 1866 Prata
833 1828 978 1865 Andina
1007 1829 1053 1866 ad
1079 1829 1251 1867 Mincium
1282 1830 1345 1867 de·

172 1901 418 1944 scendcbant,
449 1898 509 1949 qui
530 1898 627 1935 circa
644 1897 830 1934 Mammam
854 1896 890 1933 in
917 1897 1033 1933 lacum
1059 1897 1343 1935 diffundebatur.

182 1971 350 2008 Teuera
379 1968 564 2011 arundo,
596 1979 726 2003 recens
756 1971 886 2010 enata3
917 1970 1001 2015 post
1024 1965 1185 2003 brumam
1212 1965 1342 2003 caede-

172 2038 283 2077 batur
300 2034 351 2087 ὓ),
383 2040 420 2073 et
449 2034 495 2072 ad
526 2033 639 2078 vites,
670 2033 704 2070 in
732 2032 877 2084 virgilii
907 2033 1028 2084 patria
1057 2034 1102 2071 ad
1133 2038 1231 2070 tecta
1253 2046 1343 2082 quo-

175 2119 246 2158 que
276 2103 528 2142 adhibebatur.
588 2102 688 2138 Haec
718 2101 880 2145 arundo,
912 2101 942 2138 si
967 2114 1045 2138 cum
1070 2106 1205 2152 argnto
1231 2106 1343 2138 vento

173 2188 210 2213 v.
243 2179 263 2212 1
296 2177 417 2210 mente
447 2169 704 2223 conjungitur,
743 2169 902 2215 excitat,
932 2173 1060 2220 poeta,
1098 2168 1159 2219 qui
1188 2167 1344 2206 strictim

266 2317 301 2359 ο)
326 2317 414 2351 Plin.
441 2315 564 2359 XVIII,
587 2315 643 2357 65,
668 2314 699 2348 2.
