1515 2620
205 154 295 194 228
597 146 799 185 ECLOGA
830 147 880 195 Χ,
912 150 1090 188 64-69.

210 261 389 312 Scythae,
427 260 658 305 Amazones,
698 260 835 305 Getas,
881 260 1066 305 Gelonos,
1114 260 1218 309 quasi
1254 265 1389 313 gentes

209 327 425 380 singulatim
463 327 670 373 Thracias,
707 327 743 364 in
781 339 823 364 se
860 327 1077 364 continebat
1106 326 1174 364 Lb.
1208 328 1259 374 ll,
1299 332 1391 367 115.

210 396 313 433 Haec
349 407 428 441 res,
468 394 533 432 sed
571 394 691 447 magis
730 394 840 432 etiam
878 394 957 433 veri
987 394 1114 432 circuli
1145 394 1283 432 Arctici
1313 395 1391 433 sive

209 461 370 509 Polaris,
401 461 474 512 qui,
504 462 550 500 ad
579 461 756 513 frigidam
786 475 917 500 zonam
947 461 1205 508 definiendam,
1237 475 1259 500 a
1289 467 1391 500 vete-

210 529 312 567 ribus
345 529 583 581 Geographis
620 529 667 567 ad
705 530 862 582 gradum
899 543 1016 581 usque
1046 529 1392 581 quinquagesimum

212 602 383 648 quartum
413 597 689 649 porrigebatur,
720 611 816 648 quae
845 596 945 635 facta
975 603 1033 634 est
1062 610 1142 634 cum
1161 597 1299 635 circulo
1319 596 1391 634 isto

211 665 339 703 Polari
368 666 537 704 variante
567 665 809 716 permutatio,
847 665 930 716 qui,
968 679 1013 704 eo
1044 666 1161 717 major
1191 678 1299 715 quum
1330 664 1391 710 sit,

211 746 284 783 quo
323 733 434 771 altius
475 732 581 784 polus
619 733 805 785 assurgit,
843 734 963 785 gradu
995 734 1072 785 jam
1102 732 1389 785 quadragesimo

211 800 341 850 quinto
379 813 492 850 supra
536 800 710 838 verticem
749 800 962 853 stringens:
1010 801 1046 838 id
1083 801 1230 853 vulgari
1271 799 1391 838 errori

211 867 396 920 originem
433 867 551 913 dedit,
590 873 631 904 ut
669 866 860 906 Thracia
896 881 1041 919 quoque
1065 871 1255 916 propria
1285 866 1393 905 nimis

212 935 420 986 propinqua
449 935 786 986 Septemtrionibus
822 942 860 973 et
902 949 1020 986 paene
1056 936 1123 973 sub
1163 937 1243 987 ipso
1273 936 1389 972 Arcto

212 1003 336 1053 posita
365 1003 600 1050 crederetur3
631 1003 689 1041 cui
720 1003 838 1041 errori
869 1002 991 1056 frigus
1021 1003 1071 1040 ibi
1102 1010 1313 1041 montanum
1338 1002 1391 1040 in-

212 1084 324 1121 super
349 1069 510 1116 favebat,
541 1069 590 1107 ef.
610 1084 642 1108 ν.
659 1075 724 1109 47.
756 1071 825 1107 Lb.
845 1071 907 1116 ΙΙΙ,
940 1076 1172 1110 351—383.
1203 1070 1394 1115 llebrns,

212 1137 346 1175 ssumen
378 1138 575 1174 maximum
605 1138 796 1176 Thraciae
825 1138 975 1189 proprie
1006 1138 1150 1184 dictae,
1185 1151 1283 1176 nunc
1313 1137 1392 1175 Ma-

212 1206 333 1251 rizza,
372 1218 419 1243 ex
450 1206 634 1243 montibus
671 1206 790 1243 oritur
820 1206 962 1243 Haemi.
1021 1206 1147 1244 Hiems
1183 1219 1263 1244 eum
1302 1218 1393 1256 quo-

213 1273 332 1319 niam,
376 1273 474 1323 quod
505 1274 623 1310 dirum
653 1279 735 1311 erat
765 1274 962 1320 Romanis,
1002 1274 1124 1326 glacie
1148 1274 1310 1326 Jugabat
1338 1271 1393 1310 fe-

214 1346 340 1386 rente,
381 1346 580 1392 propterea
617 1341 714 1392 apud
744 1341 938 1379 Horatium
967 1342 983 1378 l
1015 1342 1080 1394 Ep.
1113 1349 1156 1388 3,
1199 1348 1221 1381 3
1253 1342 1395 1380 nivali

213 1410 412 1456 compede
441 1412 610 1446 vinctus
641 1409 786 1447 dicitur.
817 1407 1042 1448 Sithonios
1073 1410 1216 1447 Plinius
1248 1410 1308 1455 lv,
1343 1412 1392 1447 18

215 1476 313 1513 ultra
344 1476 541 1521 Haemum,
579 1476 641 1526 qui
671 1477 718 1514 ad
749 1478 882 1515 lstrum
913 1478 1055 1529 vergit,
1087 1492 1202 1529 prope
1233 1478 1393 1514 Pontum

217 1543 402 1581 Euxinum
439 1543 620 1589 collocat,
665 1543 859 1595 genitores
901 1558 967 1582 eos
997 1545 1134 1595 Orphei
1165 1550 1299 1595 po'etae
1329 1557 1394 1595 ap-

217 1611 375 1662 pellans3
413 1610 612 1648 secundum
651 1610 809 1648 Gellium
840 1611 945 1656 xlv,
989 1617 1013 1651 6
1052 1612 1219 1650 Thracia
1255 1612 1394 1663 pridem

217 1677 374 1716 Sithon
404 1678 697 1729 nuncupabatur.
757 1678 939 1715 Herodoti
970 1685 1091 1716 antem
1123 1680 1294 1717 Sithonia
1324 1679 1394 1717 cir-

218 1760 298 1784 cum
329 1746 511 1783 Sithonen
542 1746 713 1797 oppidum
744 1752 825 1783 erat
846 1746 1101 1792 Macedoniae,
1132 1749 1236 1798 cujus
1266 1754 1394 1798 partes

219 1814 430 1865 superiores
461 1827 573 1864 saepe
602 1813 791 1851 Thraciae
822 1827 905 1851 esse
936 1814 1255 1852 existimabantur.
1316 1816 1392 1852 Ro·

219 1882 335 1928 mani,
372 1879 583 1920 leiemibns
619 1881 758 1919 assueti
795 1882 1068 1931 pluvialibus
1099 1882 1169 1920 Lb.
1201 1883 1269 1928 lv,
1301 1888 1394 1928 234,

218 1950 385 1987 homines
421 1962 566 2000 quoque
602 1949 924 2000 septemtrionales
955 1964 1020 2000 per
1049 1951 1198 2002 longam
1228 1951 1393 1997 hiemem,

219 2018 276 2056 vel
313 2018 348 2054 in
386 2031 482 2055 zona
518 2015 656 2069 frigida
692 2017 763 2055 Lb.
795 2018 829 2063 l,
863 2022 960 2063 236,
1001 2020 1209 2057 caerulea
1243 2021 1395 2071 glacie

220 2093 439 2124 concretos
469 2093 602 2136 atque
630 2083 833 2123 imbribus
863 2089 978 2123 atris
1007 2086 1076 2124 sibi
1097 2085 1303 2139 fingebant.
1336 2090 1392 2126 lta

225 2153 400 2191 Horatius
431 2154 444 2190 l
476 2153 544 2190 od.
576 2157 640 2199 22,
674 2158 745 2191 17:

400 2243 484 2274 Pone
505 2253 568 2284 mr,
591 2243 696 2285 pigris
719 2242 773 2274 ubi
795 2243 886 2274 nialla
911 2244 1035 2285 campis

403 2298 508 2331 Arbor
529 2300 655 2332 aestiva
676 2303 844 2332 recreatur
866 2310 968 2339 αανας
