1472 2620
191 151 250 190 42
519 144 720 182 ECLOGA
751 145 817 191 vl,
848 148 1038 184 64—66.

191 257 331 302 dicato,
370 256 526 294 fabulam
559 262 631 293 tam
663 257 852 306 praeclare
882 256 1087 301 cecinerat,
1126 265 1166 294 ut
1197 271 1269 295 non
1302 272 1360 295 se-

189 338 254 362 cus
292 330 403 373 atque
433 323 621 361 Musarum
653 324 788 370 amico,
828 323 1027 361 Hesiodum
1059 324 1103 360 ad
1134 326 1358 375 sequendum

190 396 427 436 consecrato,
474 391 651 443 Virgilius
689 392 721 429 ei
762 391 944 444 gratulari
982 391 1156 442 potuerit.
1217 392 1358 430 Clario-

190 471 264 495 rem
304 458 413 496 etiam
450 464 609 509 quatuor
639 460 841 511 elegiarum
873 459 976 506 libri,
1028 465 1205 497 venustae
1237 459 1359 509 Lyco-

189 526 259 563 ridi
289 526 345 571 X,
385 532 420 564 2.
452 526 638 577 inscripti,
671 540 754 564 mox
788 540 867 564 eum
898 526 1087 572 fecerunt,
1118 527 1248 577 quibus
1279 528 1359 579 ejus

189 594 498 632 immortalitatem
531 595 683 631 ovidius
714 609 794 631 am.
825 596 862 641 1,
898 599 967 640 15,
1002 599 1065 633 29.
1097 595 1300 632 tribuebat:

278 671 397 705 Gallus
422 675 455 705 et
478 671 674 714 Hesperiis,
708 676 741 705 et
766 672 883 705 Gallus
909 675 1008 704 notus
1033 671 1134 714 Eois,

389 728 432 761 Et
456 738 517 760 sua
541 738 616 760 cum
643 728 742 761 Gallo
768 734 846 761 nota
871 727 1012 769 Lycoris
1038 727 1111 761 erit.

187 798 414 848 Quamquam
441 796 692 838 Quintilianus
723 797 771 834 X.
803 812 837 848 p.
871 802 961 836 226.
994 798 1178 835 duriorem
1210 811 1289 835 eum
1320 797 1357 834 in

186 865 258 902 isto
289 877 430 917 genere
461 877 544 901 esse
575 864 747 915 putabat,
787 878 893 915 quam
924 870 1123 915 sequentes
1154 865 1357 918 elegiarum

185 938 379 978 auctores,
425 937 561 969 tersum
600 932 809 977 Tibullum,
849 938 905 978 et,
945 945 1049 982 quem
1080 933 1143 970 alii
1175 932 1358 983 praetule-

184 1005 291 1048 runt,
340 1000 596 1050 Propertium,
638 1000 694 1038 vel
726 1001 901 1038 lascivum
933 1000 1114 1039 Ovidium.
1174 1000 1358 1037 Traditus

184 1068 264 1119 ejus
294 1067 489 1114 babemus,
535 1073 682 1118 praeter
711 1068 862 1119 longius
892 1081 1038 1104 carmen
1064 1067 1249 1117 juvenile,
1295 1067 1358 1104 Ci-

182 1136 250 1172 rim
280 1149 315 1174 v.
350 1140 422 1180 74,
464 1147 602 1185 paucos
632 1148 782 1180 versus,
814 1148 905 1184 quos
939 1134 1116 1186 Virgilius
1146 1135 1201 1179 X,
1240 1140 1358 1173 46—

183 1207 249 1243 49.
293 1202 476 1248 servavit,
522 1208 559 1240 et
598 1202 659 1240 vix
699 1203 841 1253 aliquas
872 1202 1058 1252 reliquias.
1119 1202 1225 1244 Quae
1257 1202 1357 1252 prius

182 1272 262 1323 ejus
293 1283 376 1308 esse
407 1270 646 1315 dicebantur,
678 1284 723 1308 ea
756 1271 885 1321 partim
918 1270 1137 1321 posterioris
1167 1270 1356 1321 cujusdam

181 1339 419 1384 Maximiani,
474 1338 605 1389 partim
653 1338 746 1375 fatui
791 1338 947 1389 alicujus
991 1338 1212 1389 subjectoris
1257 1343 1355 1374 sunt.

181 1406 340 1444 Dicendi
369 1406 547 1451 facultas,
591 1419 685 1456 quae
716 1406 751 1442 in
785 1406 959 1443 Cornelio
991 1406 1123 1450 Gallo,
1162 1405 1356 1442 Ciceronis

182 1479 220 1512 et
255 1473 374 1511 Asinii
411 1473 679 1510 cousuetudine
710 1479 851 1510 mature
882 1487 968 1518 uso,
1008 1473 1142 1518 fuerit,
1184 1486 1258 1509 uno
1289 1486 1354 1510 ore

182 1556 204 1580 a
233 1542 398 1593 pluribus
430 1541 612 1578 laudatur.
673 1540 853 1592 Virgilius
884 1540 917 1577 ei
951 1547 1081 1591 postea
1113 1554 1185 1577 non
1212 1547 1353 1578 tantum

182 1610 357 1647 decimam
396 1608 562 1659 eclogam
603 1608 809 1658 inscripsit,
847 1608 912 1645 sed
942 1608 977 1644 in
1010 1609 1281 1659 Georgicorum
1313 1608 1353 1644 li-

183 1678 248 1715 bro
279 1682 411 1728 quarto
443 1675 637 1728 egregiam
668 1688 813 1725 quoque
843 1675 877 1712 ei
906 1676 1154 1712 laudationem
1184 1676 1352 1720 babebat,

182 1759 289 1797 quam
327 1750 447 1782 autem
485 1749 525 1781 ut
563 1744 703 1780 deleret
740 1749 825 1793 post
863 1742 1044 1780 infelicem
1076 1743 1181 1780 {inlici
1213 1743 1351 1780 exitum

180 1817 331 1851 coactus
371 1818 438 1849 est.
499 1812 722 1849 Parthenius
753 1824 915 1861 quoque,
958 1811 1018 1861 qui
1050 1811 1204 1848 Graecis
1234 1811 1352 1848 literis

179 1881 375 1933 Virgilium
414 1879 591 1917 instituit.
638 1879 790 1916 Erotica
826 1892 913 1923 sua,
952 1891 1045 1928 quae
1076 1879 1194 1916 adbuc
1224 1891 1351 1929 super-

180 1955 285 1995 sunt,
331 1948 448 1986 eidem
492 1947 735 1985 consecravit.
796 1947 851 1984 De
889 1947 1062 1998 Aegypto
1101 1946 1351 1998 expugnanda

181 2018 310 2056 Gallus
347 2021 420 2054 tam
460 2016 650 2066 praeclare
688 2014 838 2059 meruit,
878 2021 917 2051 ut
955 2016 1095 2052 Caesar
1125 2014 1350 2051 Octavianus

179 2100 261 2124 eum
315 2085 360 2122 ad
409 2085 488 2135 ejus
539 2082 751 2134 provinciae
797 2081 1065 2133 praefecturam
1117 2084 1348 2132 proveheret.

179 2155 286 2192 Anno
331 2151 606 2191 Dccxxvlll.
654 2151 698 2188 de
739 2150 1027 2201 imprudentibus
1066 2149 1110 2186 ad
1151 2148 1350 2187 familiares

180 2221 409 2265 sermonibus
442 2225 478 2259 et
508 2220 553 2258 de
582 2218 763 2270 suspectis
794 2218 984 2256 conatibus
1015 2225 1222 2264 accusatus,
1255 2217 1347 2254 Cae-

182 2293 276 2333 saris
319 2289 504 2328 sentcntia
543 2292 579 2326 et
617 2300 746 2325 severo
785 2285 1106 2323 senatusconsulto
1146 2285 1190 2322 ad
1221 2298 1345 2323 necem
