1515 2620
179 162 266 203 178
510 150 715 190 ECLOGA
743 148 811 196 ιΧ,
844 152 1023 189 35—36.

181 265 298 318 (xll,
350 262 507 313 6—9)‚
553 273 628 298 non
668 259 808 298 vidisse
847 272 922 296 non
963 262 1126 309 poterat.
1203 258 1366 310 Digna

190 332 320 373 Vario
351 336 396 367 ec
420 328 575 373 Cinna,
606 326 736 378 digna,
767 339 863 377 quae
893 338 975 364 cum
1004 325 1061 361 his
1091 323 1239 362 eximiis
1267 339 1364 363 com-

182 401 380 450 parentur,
412 407 531 445 paene
562 393 871 444 quemadmodum
901 392 998 437 Vm,
1033 396 1099 430 10.
1158 391 1289 441 ltaque
1318 405 1367 430 ex

182 477 248 501 ore
285 462 454 513 Lycidae
493 461 551 498 sui
587 459 770 512 Virgilius
807 459 906 496 inter
936 470 1123 510 segreges
1153 457 1247 494 istos
1278 470 1367 508 pan-

182 530 351 568 cissimos
382 541 516 566 nomen
549 526 747 578 profitetur
777 539 901 570 suum,
933 525 1019 575 qui,
1051 537 1201 562 auream
1232 524 1368 561 Roma-

182 609 255 635 nae
293 601 455 647 poeseos
496 599 656 632 aetatem
687 598 729 630 ut
759 597 959 638 crearent,
1001 590 1190 636 destinati,
1221 590 1370 628 nativas

182 663 282 702 vires
309 668 347 701 et
371 663 531 700 incultas
559 662 706 699 Graeca
737 660 884 697 ratione
915 657 1164 696 emendatrice
1194 657 1370 695 excolere

184 730 403 768 studebant:
451 728 561 766 invisi
592 728 645 764 illi
676 727 825 764 nativae
855 725 1083 776 simplicitati
1114 737 1262 770 eorum,
1307 723 1371 774 qui

184 810 316 835 versus
361 808 450 832 suos
495 795 627 831 sedato
665 806 835 830 sermone
873 792 1113 842 quotidianae
1150 790 1251 829 vitae
1288 790 1371 827 sine

184 862 261 899 ullo
301 861 457 913 negotio
495 860 720 904 fundebant,
761 865 798 896 et
837 858 1046 910 corrigenti
1077 857 1208 894 turbae
1239 858 1370 894 Gram-

187 928 405 965 maticorum
447 932 586 965 novata
624 926 812 976 quaelibet
850 924 1170 963 reformidantium
1200 924 1271 968 lll,
1304 928 1371 962 90.

185 995 306 1032 Etiam
338 999 471 1045 postea
500 1007 607 1044 quam
638 998 793 1031 aeterna
824 1005 940 1043 opera
970 991 1132 1029 invidiae
1156 990 1371 1035 obstabant,

185 1060 406 1112 indignatur
436 1060 636 1105 Horatius,
675 1059 981 1110 quemadmodum
1012 1058 1057 1095 de
1087 1056 1262 1108 malignis
1291 1057 1370 1094 lau-

186 1127 381 1165 datoribus
411 1127 557 1177 priscae
581 1126 795 1178 jejunitatis
828 1126 975 1174 Epist.
1007 1124 1060 1169 ll,
1102 1129 1146 1168 1,
1184 1127 1257 1162 88:

276 1224 428 1267 Ingeniis
452 1236 520 1258 non
545 1224 603 1258 ille
627 1224 720 1257 favet
743 1223 943 1267 plauditque
967 1221 1128 1265 sepulti53

278 1281 405 1313 Nostra
430 1281 490 1313 sed
514 1280 710 1324 iinpngnat3
744 1290 807 1312 nos
833 1283 1018 1321 nostraque
1042 1277 1165 1310 lividus
1190 1276 1280 1311 odit!

188 1370 242 1408 ita
270 1382 350 1408 non
380 1371 501 1408 minus
532 1371 577 1408 de
608 1367 708 1409 futili
739 1383 854 1421 opera
884 1381 1064 1408 novorum
1094 1368 1288 1420 spirituum
1318 1367 1372 1405 A.

188 1436 238 1474 P.
271 1441 374 1476 289:

323 1533 399 1566 Nec
422 1533 547 1566 virtute
570 1532 660 1566 foret
684 1532 832 1566 clarisve
856 1532 1030 1576 potentins
1056 1534 1173 1574 armis,

325 1589 437 1623 Quam
461 1587 597 1629 lingua,
623 1588 780 1628 Latium,
806 1588 834 1620 si
860 1599 928 1620 non
953 1588 1143 1620 offenderet
1167 1599 1289 1621 unum-

326 1644 507 1686 Quemque
530 1643 711 1685 poetarum
736 1643 837 1675 limae
862 1644 958 1675 labor
983 1647 1016 1675 et
1042 1653 1148 1675 mora.

190 1721 316 1768 Lima,
356 1722 537 1768 audiatis,
581 1722 775 1759 Germani!
823 1722 909 1759 lima
940 1722 1047 1759 nobis
1078 1723 1375 1761 commendatur:

191 1801 267 1825 non
311 1801 438 1826 crasse
483 1789 555 1826 ista
597 1789 783 1826 adradens
825 1788 956 1840 frigidi
999 1789 1250 1835 correctoris,
1301 1790 1376 1839 qui,

191 1854 290 1904 quod
327 1854 513 1892 Pindarus
553 1855 625 1901 ait,
665 1856 767 1893 nullo
798 1868 912 1893 sensu
943 1854 1134 1906 ingenito,
1173 1855 1377 1893 traditione

191 1924 334 1957 tantum
373 1934 468 1971 quae
505 1922 670 1971 accepit,
725 1935 806 1959 cum
844 1922 981 1972 impetu
1021 1920 1161 1967 effutit3
1209 1922 1275 1959 sed
1314 1921 1378 1959 illa

191 1986 364 2024 subtilior
400 1987 594 2025 Minervae
624 2001 673 2025 ex
704 1988 877 2034 officina,
917 2001 990 2038 qua
1021 1988 1168 2026 divinus
1198 1988 1269 2024 iste
1299 1988 1376 2024 Ho-

192 2066 336 2099 merus,
375 2066 471 2103 quae
509 2053 661 2103 primum
699 2054 986 2100 informaverat,
1012 2054 1217 2106 =levigabat
1252 2054 1299 2091 ad
1338 2055 1374 2091 in

193 2119 316 2156 animo
347 2119 544 2158 insidentis
574 2121 713 2171 speciei
743 2134 918 2159 summam
948 2133 1065 2170 usque
1088 2119 1376 2170 perfectionem3

193 2185 342 2231 eadem,
374 2198 483 2235 quam
513 2187 668 2226 Ovidius
698 2188 846 2238 Epist.
878 2201 940 2227 ea·
970 2187 1108 2225 Ponto
1141 2188 1213 2233 ΙΙΙ,
1245 2192 1290 2234 9,
1324 2192 1375 2227 23

193 2250 438 2302 designabat:
