1515 2620
455 135 657 173 ECLOGA
687 134 737 181 Χ,
768 140 946 174 70-74.
1206 140 1294 180 229

299 245 394 285 Quod·
414 246 502 278 latus
526 246 639 278 mumh'
662 245 798 278 nebulae
820 246 988 288 malasque

521 303 653 344 Jupiter
675 307 777 344 αγρεε.

118 380 324 419 Vehemens
361 394 452 419 sane
489 382 591 419 calor
627 381 810 428 aestivus,
855 395 928 433 quo
965 380 1187 419 frumentum
1216 394 1290 419 non

114 453 257 486 tantum
286 453 324 488 et
353 462 522 501 gramen,
552 449 854 499 quemadmodum
878 450 955 495 vll,
988 452 1053 495 57,
1084 462 1164 487 cum
1194 450 1293 487 nuda

112 516 190 555 vite
226 515 288 553 siti
325 516 444 567 perit,
487 517 553 554 sed
590 517 646 554 vel
684 516 831 553 intimus
870 517 982 555 liber
1019 518 1143 554 altae
1183 519 1292 554 ulmi

112 582 286 622 vitiferae
316 590 421 621 aestu
453 589 620 621 necatur.
660 582 898 633 Aethiopes
928 585 964 621 in
997 581 1169 622 fabuloso
1201 585 1292 622 orbe

113 656 298 688 terrarum
333 651 431 688 illius
470 651 646 702 temporis
685 664 708 688 a
743 651 947 689 meridiana
983 651 1098 703 plaga
1137 651 1291 689 orientis

111 718 203 755 solis
240 719 287 756 ad
325 719 562 757 meridianam
603 718 748 770 plagam
781 718 986 757 occidentis
1015 718 1125 764 solis,
1167 720 1291 769 plures

112 786 270 837 populos
301 786 495 837 complexi,
527 791 731 824 extremum
761 799 885 824 arcum
916 786 1147 837 occupabant
1175 799 1291 837 prope

111 855 319 900 Oceanum,
365 854 427 904 qui
467 855 512 891 ab
551 854 655 891 exitu
693 854 795 891 sinus
833 854 981 892 Arabici
1018 854 1064 891 ad
1106 855 1291 905 Europam

111 934 242 960 versus
279 922 556 959 coarctabatur.
614 922 654 958 ln
692 922 783 958 urbe
814 923 937 971 Syene
961 923 1059 973 jam,
1098 935 1192 972 quae
1222 922 1289 959 sub

110 988 254 1040 tropico
287 988 448 1026 Cancri
479 992 579 1034 erat,
620 988 749 1025 diebus
786 989 1013 1041 longissimis
1050 989 1291 1028 meridianum

111 1057 227 1094 solem
264 1069 377 1107 supra
417 1061 529 1107 caput
565 1055 761 1093 habebant.
822 1057 959 1094 Strabo
998 1070 1062 1095 eos
1092 1058 1290 1108 plerosque

110 1124 297 1162 Nomades
328 1137 510 1175 pauperes
541 1136 624 1161 esse
654 1123 755 1169 dicit,
787 1124 860 1174 qui,
891 1125 949 1163 vel
980 1124 1069 1161 nudi
1098 1125 1155 1163 vel
1186 1124 1288 1178 pselli-

109 1191 178 1230 bus
216 1191 328 1242 tecti,
370 1191 440 1242 ipsi
479 1192 610 1244 exigui
647 1197 811 1238 statura,
854 1205 934 1230 cum
973 1192 1114 1244 exiguo
1152 1205 1289 1244 pecore

111 1262 253 1297 ovium
282 1258 415 1310 capillo
447 1260 617 1311 caprino,
656 1273 849 1311 caprarum
880 1264 918 1297 et
947 1259 1077 1306 boum,
1117 1273 1197 1298 cum
1228 1273 1289 1298 ca·

109 1327 219 1364 nibus
257 1339 402 1378 quoque
439 1327 584 1378 parvis,
624 1328 690 1366 sed
731 1327 984 1380 pugnacibus,
1022 1341 1088 1378 per
1116 1328 1286 1379 patriam,

110 1396 190 1433 sole
218 1400 339 1432 ustam
369 1399 407 1433 et
436 1409 607 1442 macram,
638 1396 820 1446 palantur.
880 1396 958 1432 Hos
989 1408 1108 1447 vagos
1139 1408 1286 1432 errores

109 1467 311 1514 pastorum,
342 1474 434 1513 quos
466 1462 645 1515 Virgilius
674 1463 744 1501 Lb.
776 1463 840 1508 ΙΙΙ,
872 1467 952 1501 339
984 1462 1172 1508 describit,
1203 1475 1286 1501 ver-

107 1530 191 1568 bum
227 1529 350 1582 pingit
386 1542 586 1576 versare,
627 1543 739 1580 saepe
774 1533 941 1575 vertere,
980 1531 1117 1567 circum
1155 1543 1283 1581 agere,

108 1598 210 1636 nulla
239 1598 384 1635 ratione
415 1597 539 1634 habita
569 1597 705 1635 Graeci
743 1596 899 1634 nolent.-
947 1597 1038 1633 alias
1076 1597 1171 1634 enim
1201 1610 1283 1635 sae-

107 1665 190 1717 pius
234 1665 271 1703 id
314 1665 516 1717 legeretur.
582 1664 679 1701 Nihil
717 1664 843 1701 Amori
888 1664 1047 1701 resistit:
1100 1665 1284 1715 proverbii

107 1733 227 1771 instar
257 1732 480 1770 exclamatio
511 1745 558 1769 ex
590 1731 669 1768 Ciri
699 1746 733 1771 v.
765 1736 858 1771 437.
897 1732 1023 1773 Quare
1053 1736 1091 1768 et
1120 1745 1193 1785 ego
1225 1746 1281 1770 me

107 1801 188 1853 ejus
234 1800 423 1852 potentiae
460 1799 665 1851 subjiciam,
725 1800 816 1837 Cum
854 1800 923 1836 boc
960 1800 1109 1837 decreto
1149 1801 1278 1838 Gallus

106 1868 301 1906 Arcadiam
331 1866 516 1918 relinquit.

218 1940 398 1975 70-74.
443 1936 574 1982 Poeta,
603 1947 797 1985 personam
827 1947 965 1987 gerens
994 1936 1153 1987 caprarii
1183 1950 1217 1975 v.
1241 1941 1279 1982 7,

106 2003 357 2041 narrationem
389 2003 446 2040 hic
475 2003 668 2053 abrumpit,
700 2016 773 2039 non
806 2003 904 2040 lente
934 2004 1156 2054 exprimens,
1188 2016 1278 2054 quo-

107 2072 215 2109 modo
246 2071 395 2117 Gallus,
435 2070 572 2107 numini
611 2084 650 2107 se
680 2071 818 2107 dedens
848 2071 1013 2117 Amoris,
1056 2071 1135 2122 ipso
1167 2076 1279 2122 poeta

107 2139 259 2184 comite,
297 2152 345 2176 ex
374 2131 534 2175 A'rcadia
563 2138 732 2180 redierit,
763 2143 821 2186 ct,
852 2152 899 2176 cx
931 2144 1017 2178 voto
1048 2152 1115 2176 suo
1145 2153 1179 2178 v.
1212 2145 1277 2178 32,

107 2219 130 2244 a
159 2206 367 2257 pastoribus
397 2206 565 2244 Arcadiis
596 2206 729 2243 inmitis
759 2207 920 2245 fflznenali
950 2212 987 2244 et
1003 2207 1141 2257 Lycaei
1171 2221 1205 2246 v.
1225 2212 1275 2246 14

107 2272 263 2314 defletus
291 2274 352 2314 sit.
409 2274 512 2312 satis
539 2274 600 2322 sit,
629 2275 721 2312 hacc
749 2287 851 2321 eum,
880 2275 1067 2312 Musarum
1096 2274 1277 2314 beneficio
