1472 2620
504 133 702 171 ECLOGA
733 132 791 170 vl.
828 136 1017 171 41—42.
1283 138 1341 177 29

183 244 280 281 muni
310 243 479 290 officina,
517 250 580 283 aut
609 246 653 282 de
684 244 781 281 Solis
812 257 918 281 curru
949 243 1073 281 furtim
1103 243 1270 290 abstulit,
1303 250 1338 281 et

183 311 231 349 ad
261 316 401 349 amatos
431 325 518 349 suos
548 312 764 362 deportavit.
824 312 930 353 Quod
961 312 1005 348 ad
1036 311 1203 349 delictum
1231 311 1338 348 ulcis-

182 379 333 416 cendum
374 380 520 430 Jupiter
557 392 635 416 eum
672 380 706 415 in
738 392 826 429 rupe
857 379 988 415 montis
1021 380 1227 424 Caucasi,
1271 379 1337 416 sub

183 451 384 483 extremum
424 447 653 484 Occidentem
684 447 821 496 antiqui
853 447 951 483 orbis
982 452 1159 483 terrarum
1191 447 1336 491 Graeci,

180 514 373 559 revinciri,
405 520 441 551 et
470 514 514 551 ab
544 516 698 565 aquila
722 515 827 564 jecur
857 513 1018 563 quotidie
1048 514 1337 565 redintegratum

183 580 377 618 dilacerari
410 581 532 632 jussit.
589 581 696 618 Dono
735 594 829 632 gens
867 593 981 617 aenea
1020 581 1125 630 plane
1163 586 1337 631 corrupta

181 652 257 693 est,
298 661 412 698 quae,
444 648 539 686 omni
569 648 722 699 expulsa
746 647 910 698 justitia,
942 646 1061 684 fructu
1092 649 1233 697 agresti
1264 662 1335 684 non

182 704 338 765 ampliusv
365 716 597 761 vescebatur,
636 722 776 752 taurum
806 720 987 752 aratorem
1019 714 1205 757 caedebat,
1237 727 1337 751 arina

181 786 218 818 et
249 782 374 819 domos
405 796 451 820 ex
481 797 566 820 aere
596 784 779 828 struebat,
811 788 846 819 et
875 782 1004 819 bellum
1035 787 1173 818 tantum
1203 786 1239 818 et
1268 781 1339 818 vim

180 849 398 886 moliebatur
439 851 507 888 Lb.
547 852 598 896 ΙΙ,
637 856 734 896 5363
778 850 894 887 donec
931 855 1150 900 postremum
1188 861 1338 885 aeneam

177 921 326 968 gentem
359 916 531 954 nefariam
564 916 749 967 (Apollod.
782 918 815 962 l,
862 922 906 961 7,
952 924 987 954 3.
1025 916 1147 953 Scliol.
1180 916 1262 952 Vin.
1296 916 1339 951 ll.

177 983 212 1029 Ι,
256 982 366 1034 126.)
406 984 575 1022 eluvione
613 984 787 1034 perdendi
824 984 968 1034 Jupiter
1005 984 1101 1033 cepit
1132 983 1336 1020 consilium.

179 1050 391 1088 Promethei
427 1051 578 1089 consilio
614 1052 669 1088 usi
699 1051 794 1088 filius
825 1052 922 1102 ejus,
960 1051 1127 1101 princeps
1159 1050 1338 1086 l’btbioti-

177 1130 242 1155 cus
278 1119 542 1164 Deucalion,
587 1124 624 1156 et
662 1120 740 1170 ejus
777 1133 872 1156 uxor
900 1117 1094 1169 Pyrrha,
1134 1117 1337 1167 Epimetbei

177 1190 216 1222 et
247 1185 442 1224 Pandorae
470 1186 557 1232 filia,
588 1186 624 1223 in
655 1200 741 1223 arca
770 1186 946 1236 fugerunt
976 1192 1011 1223 et
1042 1186 1087 1223 ad
1114 1186 1338 1222 Parnassum

178 1252 319 1302 appulsi
349 1258 446 1290 sunt.
504 1253 671 1303 Jupiter,
710 1259 749 1290 ut
779 1267 847 1303 ope
878 1267 1001 1291 eorum
1032 1253 1215 1290 meliorem
1246 1265 1338 1304 gen-v

177 1323 248 1356 tem
287 1319 477 1357 humanam
516 1320 747 1365 restitueret,
787 1321 936 1358 oraculo
974 1321 1017 1357 iis
1054 1320 1257 1370 praecepit,
1297 1320 1339 1356 ut

178 1387 348 1433 lapides
393 1400 503 1437 supra
539 1393 647 1438 caput
677 1389 848 1438 jacerent
885 1389 953 1424 Lb.
993 1388 1025 1433 1,
1069 1392 1132 1425 62.
1190 1386 1278 1422 lude
1315 1398 1338 1422 a

176 1453 402 1492 Deucalione
425 1454 517 1505 jacti
546 1454 683 1492 fiebant
713 1455 791 1499 viri,
823 1468 844 1492 a
869 1455 1011 1504 Pyrrha
1032 1452 1208 1490 feminae:
1241 1465 1336 1503 gens

175 1520 317 1572 quidem
348 1521 456 1558 etiam
488 1526 560 1558 tum
591 1523 692 1567 dura,
724 1522 788 1559 sed
813 1522 950 1573 justior
974 1526 1010 1559 et
1035 1522 1161 1558 melior
1187 1522 1336 1557 bereum

176 1592 214 1626 et
251 1588 469 1634 semideum,
507 1589 566 1640 qui
603 1590 648 1627 ad
678 1590 830 1627 Thebas
860 1596 897 1642 et
927 1589 971 1626 ad
1002 1590 1156 1639 'l'rojam
1188 1587 1335 1624 fortiter

175 1654 284 1693 factis
313 1656 468 1708 gloriam
497 1657 621 1707 adepti
651 1662 754 1702 sunt,
792 1662 829 1694 et
859 1661 941 1706 post
971 1661 1121 1692 mortem
1154 1656 1334 1692 Fortuna-

176 1728 295 1760 torum
333 1724 471 1762 insulas
509 1725 575 1761 sub
614 1738 704 1775 rege
742 1725 904 1761 Saturno
943 1724 977 1759 in
1017 1724 1164 1760 Oceano
1204 1728 1332 1759 tenue-

175 1794 271 1826 ruut.
329 1791 450 1828 Minus
487 1791 574 1828 trita
610 1791 735 1828 fabula
773 1797 850 1836 est,
897 1804 1002 1840 quam
1044 1790 1333 1841 Etymologicum

177 1851 355 1908 (ἷκόνιον)
388 1858 520 1894 tradit:
554 1864 636 1907 post
665 1859 779 1894 undas
806 1858 1072 1895 Deucalioneas
1089 1858 1216 1894 Jovem
1243 1858 1333 1894 l’ro-

174 1924 317 1960 metheo
355 1928 392 1961 et
426 1924 615 1962 Minervae
653 1925 868 1976 imperasse,
908 1931 947 1962 ut
975 1925 1168 1962 simulacra
1197 1938 1217 1961 e
1247 1925 1331 1961 limo

174 1988 379 2041 fingerent,
418 1996 455 2028 ct
492 1991 629 2037 ventis,
667 1998 707 2029 ut
743 1994 787 2030 ad
825 2006 869 2030 ea
897 1993 1079 2043 spirarent
1110 1998 1146 2029 et
1176 2006 1220 2029 ea
1250 1992 1332 2029 viva

175 2057 352 2096 facerent.
411 2059 465 2095 Ab
509 2059 579 2096 illis
623 2060 738 2097 altero
776 2060 857 2097 loco
895 2060 1028 2097 creatis
1066 2059 1187 2096 ferrea
1223 2072 1328 2110 gens,

175 2138 268 2176 quae
297 2126 414 2163 adbuc
444 2131 519 2170 est,
558 2131 675 2163 ortum
705 2127 831 2171 babet,
863 2141 954 2178 quae
985 2128 1141 2178 singulis
1172 2140 1331 2177 genera-

175 2192 335 2231 tionibus
379 2193 483 2244 pej0r
527 2192 586 2239 iit,
630 2200 666 2231 et
701 2194 913 2245 aliquando,
956 2208 1091 2232 summe
1128 2194 1328 2244 inquinata,

176 2272 311 2298 aureae
348 2261 460 2299 aetati
497 2262 664 2299 redeunti
702 2262 807 2300 cedet
843 2263 915 2306 lv,
957 2266 1090 2300 4—7.
1152 2262 1226 2300 uas
1257 2275 1330 2307 res,
