1515 2620
489 162 694 199 ECLOGA
725 163 791 209 lX,
823 168 974 201 7—10.
1239 168 1328 207 165

145 273 448 319 collocationem,
481 278 520 311 et
548 282 719 319 versat,
751 275 848 324 quod
880 275 1049 324 proxime
1079 274 1197 319 abest,
1228 287 1326 311 vor-

143 347 215 377 tat
242 340 344 392 lego,
377 341 475 391 quod
507 340 587 377 fere
618 353 764 390 semper
793 341 990 377 scribendo
1018 345 1230 391 corruptum
1255 345 1325 378 est.

145 402 328 445 Mittere
365 408 586 457 proferre
617 408 688 453 ΙΙΙ,
733 412 798 445 71.
860 408 1003 448 Quodsi
1032 406 1186 452 haedi,
1227 407 1326 457 quod

144 472 226 510 fieri
273 474 421 511 solebat
459 473 509 518 V,
559 478 629 518 12,
677 475 982 523 turgescentibus
1020 475 1196 525 virgultis
1235 474 1326 511 editi

143 539 314 587 fuerant,
358 554 455 578 nunc
502 540 601 577 circa
645 541 844 577 solstitium
894 555 926 579 v.
972 546 1025 578 60
1065 542 1141 592 jam
1182 540 1325 591 depulsi

143 612 272 652 erant,
317 612 355 644 et
384 607 448 658 agi
481 612 666 658 poterant.
727 608 773 644 lli
804 621 912 651 vero,
944 621 1037 657 quos
1068 608 1208 645 Moeris
1239 621 1324 658 por-

143 676 200 710 tat
228 686 264 711 v.
296 678 370 719 62,
409 675 516 711 ambo
546 674 703 711 serotini
733 687 817 712 esse
847 674 996 711 debent.

257 744 407 779 7—10.
470 741 591 782 Quid}
644 741 814 778 dominos
851 745 997 777 vestros
1035 753 1119 778 esse
1156 741 1323 791 ejectos}

143 806 291 843 Tamen
336 821 410 859 ego
449 821 497 845 ex
535 807 694 858 paganis
732 808 866 846 vestris
897 807 1143 844 affirmantem
1175 808 1325 844 andie-

144 886 263 920 runt,
303 880 466 913 vestrum
505 876 766 920 Illenalcaa,
798 876 974 925 juvenem
1008 874 1223 926 Virgilium,
1261 873 1324 923 qui

143 952 291 978 carmen
330 954 448 991 nuper
486 941 520 977 iu
554 947 708 977 mortem
740 942 946 991 Daphnidis
976 942 1099 979 verbis
1128 941 1324 978 Menalcae

144 1010 218 1044 tam
257 1007 466 1046 miserabile
503 1008 711 1053 cecinerat,
757 1012 874 1044 totum
915 1007 1067 1044 fundum
1097 1012 1209 1044 carltu
1240 1020 1322 1052 suo,

142 1087 166 1112 a
201 1074 298 1113 clivo
334 1075 381 1112 ad
420 1074 597 1111 Mincium
634 1080 673 1111 et
711 1080 858 1112 veteres
891 1075 1003 1126 fagos
1035 1087 1170 1124 usque,
1219 1074 1324 1111 vobis

142 1154 327 1179 servasse.
354 1164 404 1170 ——
432 1143 513 1178 Non
547 1147 685 1179 temere
715 1143 946 1179 munaus-sum
979 1155 1062 1179 esse
1093 1141 1252 1186 videtur,
1285 1146 1325 1178 ut

142 1207 322 1244 terminos
351 1209 435 1260 agri
468 1209 613 1259 paterni
647 1209 826 1260 Virgilius
857 1223 919 1247 erc
949 1212 1106 1247 vicinis
1134 1211 1325 1258 peritum

141 1274 334 1313 declarare
364 1274 511 1313 fecerit.
573 1276 664 1313 Nam
695 1289 790 1328 ager
820 1277 853 1313 ei
882 1276 1027 1314 etiamsi
1049 1276 1325 1320 restitueretur,

141 1341 276 1379 limites
307 1347 409 1379 certe
442 1348 643 1380 veteranus
674 1344 835 1388 vicinus,
875 1344 935 1393 qui
967 1344 1165 1393 irruperat,
1197 1343 1231 1378 ei
1262 1355 1325 1379 co-

141 1413 289 1446 arctare
341 1415 501 1459 poterat.
564 1412 719 1448 Veteres
769 1411 1012 1448 Grammatici
1054 1410 1129 1446 litis
1167 1408 1325 1445 mentio-

141 1489 223 1513 nem
262 1474 406 1513 faeiunt
445 1478 490 1514 de
520 1477 656 1514 finibus
688 1482 845 1514 exortae
877 1477 975 1513 inter
1007 1475 1223 1527 Virgilium,
1262 1488 1324 1512 cu-

135 1543 200 1595 Jus
238 1556 334 1595 agro
374 1547 447 1580 tum
486 1544 605 1580 adbuc
637 1544 820 1582 divisores
852 1548 1119 1594 pepercerant,
1159 1547 1197 1578 et
1227 1541 1325 1579 inter

140 1610 334 1661 proximos
364 1611 513 1648 accolas
544 1611 765 1648 bellicosos:
799 1611 907 1647 unius
939 1623 1080 1654 eoruin,
1112 1609 1234 1645 t'lodii
1258 1623 1325 1646 no-

141 1678 257 1722 mine,
297 1677 359 1727 qui
396 1677 525 1728 gladio
558 1691 632 1714 rem
664 1678 889 1714 diri-iuturus
920 1682 1022 1722 erat,
1062 1676 1182 1726 spisse
1213 1665 1325 1726 atque

140 1744 203 1783 vix
237 1748 383 1794 poetam
416 1744 485 1782 vim
517 1744 710 1796 effugisse.
773 1744 921 1795 Virgilii
947 1757 1052 1793 ager,
1085 1743 1183 1793 quod
1208 1742 1325 1793 prima

141 1811 276 1862 ecloga
320 1825 353 1850 v.
401 1815 565 1849 Aio-58
606 1812 790 1855 declarat,
837 1824 859 1847 a
902 1811 1053 1860 rupibus
1090 1809 1325 1847 silvestribus

140 1878 302 1915 molliter
340 1877 492 1915 declivis
530 1878 576 1914 ad
615 1884 722 1927 prata
762 1878 938 1928 palustris·
970 1883 1007 1914 et
1037 1877 1072 1913 in
1104 1877 1222 1914 lacum
1254 1876 1325 1913 dis-

140 1944 213 1982 fusi
252 1944 380 1980 Mincii
420 1943 714 1993 deprimebatur:
762 1946 822 1982 ubi
861 1946 970 1982 innius
1009 1945 1159 1981 accolae
1190 1945 1325 1981 limites

139 2011 225 2050 viva
254 2023 344 2061 sepe
374 2011 548 2055 salii-um,
581 2011 755 2056 alterius,
788 2012 884 2062 quod
918 2012 974 2048 me
1006 2017 1181 2061 apparet,
1214 2019 1326 2048 nete-

140 2078 264 2116 ribus
299 2080 438 2127 jiegis
484 2078 792 2129 designabantur.
854 2079 922 2116 Hic
962 2079 1106 2128 quidem
1148 2078 1326 2115 terminus

141 2145 322 2182 incertior
353 2145 463 2182 facile
495 2151 762 2184 controversus
793 2160 877 2183 esse
909 2145 1084 2195 potuerit,
1116 2145 1239 2194 itaque
1272 2145 1325 2182 di-

141 2213 297 2264 ligentis
328 2212 455 2249 indicii
486 2226 634 2250 causam
667 2212 827 2249 dedisse.
885 2212 954 2248 Alii
977 2216 1098 2255 eraut,
1129 2212 1326 2263 quiagros

143 2283 438 2319 terminarent
473 2293 562 2317 suos
601 2280 670 2317 lib.
711 2281 765 2326 ll,
810 2284 888 2318 389
921 2279 1113 2317 ordinibus
1145 2279 1326 2329 pinorum,
