1472 2620
215 155 277 196 58
543 150 743 186 ECLOGA
774 149 833 193 vi,
867 153 1058 188 78—81.

214 268 368 313 spectat.
435 263 519 303 Qua
558 274 597 298 re
635 261 854 298 Wheelerus
890 261 923 297 in
962 273 1040 297 eum
1080 273 1239 300 errorem
1275 263 1379 299 indu-

215 335 296 367 ctus
319 334 395 373 est,
426 333 467 364 ut
489 329 584 365 lianc
609 328 763 365 insulam
784 328 988 364 Dulichium
1007 327 1174 373 Homeri,
1202 335 1251 375 et,
1281 330 1378 380 quod

216 409 285 433 non
317 395 432 432 minus
463 396 654 445 Odysseae
683 401 887 447 repugnat,
934 395 1118 440 Jotiiako,
1162 407 1284 445 rupem
1314 397 1379 434 ali-

214 476 319 513 quam
345 464 474 513 procul
496 469 687 509 remotam,
719 463 876 500 Ithacam
902 475 983 500 esse
1007 467 1165 513 putaret.
1218 462 1293 499 Pro
1315 465 1379 500 la-

213 543 388 569 cerasse
417 531 453 567 iu
485 530 680 568 Hafniensi
711 531 757 568 D
787 532 988 568 lacerare
1017 535 1086 567 est.

325 602 523 637 78—81.
578 599 784 635 Conversio
808 598 985 635 lusciniae
1010 604 1047 635 et
1068 597 1269 634 hirundinis
1291 610 1381 647 quo-

214 666 321 703 modo
358 664 457 703 facta
493 665 560 711 sit,
607 666 640 702 id
681 665 926 703 diversissime
961 679 983 702 a
1012 664 1166 702 Graecis
1203 665 1381 710 traditur;

212 733 283 771 uisi
313 734 409 784 quod
440 734 501 770 illa
531 746 677 783 semper
708 740 840 777 mater,
889 746 981 783 quae
1011 739 1152 783 partum
1184 745 1286 769 suum
1317 745 1379 769 ne-

212 801 373 846 caverit,
404 801 495 836 haec
524 800 655 836 vitiata
685 800 782 836 illius
811 813 918 837 soror
947 801 1006 837 sit.
1060 800 1165 850 Apud
1184 800 1379 836 Homerum

213 869 346 918 Odyss.
372 866 483 912 xlx,
515 872 595 906 518
615 867 785 913 Ae'tlon,
819 868 953 905 Milesii
971 868 1154 906 Pandarei
1180 866 1275 912 filia,
1307 867 1380 917 lty-

212 937 302 980 lum,
350 947 452 971 suum
490 933 622 980 filium,
667 948 686 972 e
716 935 835 972 Zetho
874 936 1029 981 editum,
1074 936 1155 971 dum
1186 935 1296 972 lilium
1338 948 1379 971 se

212 1003 366 1048 Niobes,
405 1002 545 1040 invisae
577 1016 666 1040 suae
696 1002 845 1048 adfinis,
890 1002 1001 1040 ferire
1032 1010 1154 1053 putat,
1192 1002 1380 1047 interficit,

211 1074 249 1107 et
285 1069 441 1107 luscinia
478 1068 531 1106 fit.
603 1070 704 1107 Hanc
741 1069 910 1107 fabellam
950 1070 1109 1106 lonicum
1141 1070 1263 1106 Boeus
1292 1070 1379 1106 Ant.

211 1137 295 1175 Lib.
335 1137 386 1173 xl
428 1138 479 1173 ita
515 1143 692 1173 mutatam
723 1137 849 1173 habet:
899 1137 1046 1186 Ephesii
1083 1137 1267 1173 Pandarei
1305 1136 1382 1174 tilia

210 1205 362 1243 Ae'clon
404 1204 634 1254 Polyterlino
674 1205 796 1249 nubit,
853 1204 1082 1254 Colophonio
1121 1204 1274 1249 artifici,
1332 1217 1379 1241 ex

211 1286 328 1323 eoque
367 1273 446 1322 ltyn
489 1272 606 1323 parit;
657 1271 808 1308 maritus
838 1271 872 1307 in
910 1269 1161 1317 Chelidone,
1211 1273 1291 1323 ejus
1320 1285 1380 1308 so-

210 1354 314 1386 rore,
354 1346 500 1391 peccat3
547 1353 697 1376 sorores
727 1339 855 1376 ambae
887 1340 965 1388 ltyn
997 1340 1173 1377 caedunt.
1214 1339 1381 1390 patrique

211 1421 290 1445 eum
330 1408 365 1444 in
405 1421 530 1444 mensa
559 1413 766 1457 apponunt3
813 1413 896 1457 post
932 1407 1072 1458 aliquas
1111 1407 1256 1452 turbas,
1301 1414 1382 1444 tota

211 1476 318 1512 domo
355 1487 553 1519 conversa,
602 1474 713 1510 liunt:
763 1475 978 1512 Pandareus
1015 1475 1239 1519 haliaeetus,
1285 1487 1380 1511 uxor

211 1543 290 1593 ejus
321 1542 468 1587 alcedo,
499 1542 749 1591 l'olyteclinus
779 1543 995 1592 pelecunus,
1035 1555 1056 1578 a
1087 1540 1245 1587 nile-avg
1276 1555 1380 1578 secu·

210 1610 273 1654 ris,
304 1609 466 1645 Aedonis
497 1608 614 1645 frater
644 1622 776 1659 epOpS,
809 1609 888 1659 ipsa
918 1609 957 1645 lit
988 1610 1161 1653 luscinia,
1193 1623 1285 1659 quae
1302 1610 1380 1660 Ity

211 1679 452 1721 lamentatur,
485 1681 522 1713 et
552 1676 731 1712 Chelidon
763 1676 930 1712 hirundo.
988 1677 1112 1727 Magis
1146 1677 1232 1713 trita
1262 1677 1380 1714 altera

210 1743 308 1782 fama
338 1744 511 1781 Phocidis
541 1748 578 1781 et
609 1743 775 1788 Atticae,
807 1750 957 1793 propter
986 1744 1160 1786 Athenis,
1191 1745 1287 1794 quod
1317 1757 1379 1782 ve-

210 1812 361 1849 risimile
391 1817 465 1856 est,
498 1811 616 1848 editas
648 1812 682 1847 in
714 1811 857 1847 theatro
886 1809 1050 1857 fabulas,
1082 1810 1180 1848 facta
1210 1820 1279 1849 est.
1337 1813 1379 1849 lu

210 1880 267 1917 liis
298 1886 334 1917 et
360 1880 394 1916 in
416 1879 639 1928 Thucydide
665 1879 708 1923 ll,
736 1884 784 1917 29
809 1884 846 1916 et
869 1879 963 1929 apud
989 1892 1115 1916 omnes
1137 1880 1378 1930 antiquiores,

211 1949 308 1985 inter
345 1960 436 1997 quos
470 1947 544 1997 jain
585 1946 768 1983 Hesiodus
806 1946 874 1983 Lb.
916 1952 993 1985 568
1033 1948 1278 1984 numerandus
1320 1954 1377 1983 est

211 2017 291 2054 Ael.
322 2029 357 2053 v.
388 2014 470 2050 hist.
510 2014 600 2059 xn,
649 2020 718 2059 20,
764 2015 815 2051 ita
854 2015 1006 2052 historin
1044 2014 1172 2053 fertur.
1244 2014 1376 2051 Proc-

206 2098 276 2130 ne,
309 2082 385 2120 filia
416 2082 527 2119 Attici
559 2082 681 2133 regis,
712 2082 912 2119 Pandionis
944 2083 1094 2133 prioris,
1127 2081 1185 2131 qui
1218 2095 1262 2118 ex
1298 2082 1375 2119 Nisi

207 2152 314 2190 istius
346 2150 543 2201 majoribus
574 2148 708 2195 fuerat,
741 2151 861 2201 nupsit
898 2151 1042 2190 Tereo,
1078 2150 1230 2200 principi
1251 2150 1375 2186 Thra-

207 2232 307 2265 cum,
349 2218 409 2269 qui
439 2217 630 2254 Daulidom
668 2218 745 2255 sive
776 2218 939 2255 Duuliam
970 2217 1143 2254 Phocidis
1173 2230 1375 2268 occupave-

207 2292 303 2326 rant.
364 2286 454 2337 Ejus
482 2283 601 2333 filius,
644 2285 759 2336 Itys,
804 2299 910 2336 quum
940 2286 1186 2329 adolesceret,
1227 2285 1377 2323 Tereus
