1472 2620
388 130 588 169 ECLOGA
619 130 677 167 Π.
737 134 851 169 27—
862 135 926 168 30.
1183 137 1235 175 21

81 245 256 295 ipsaeque
299 243 452 281 arbores
496 254 584 293 prae
627 240 776 278 libidine
825 240 1011 278 cacumine
1059 244 1246 278 nutarent,

85 312 181 348 Tam
211 310 432 348 admirabilis
461 308 637 347 modulati
668 313 797 345 cantus
828 308 999 354 effectus,
1031 313 1157 345 nostra
1186 321 1247 345 ae-

83 382 160 416 tate
195 391 217 415 a
254 383 364 415 cantu
403 377 521 415 aliena
561 373 649 427 (qua
680 376 786 426 pauci
817 389 959 414 versum
991 380 1165 413 accurate
1195 375 1246 412 di-

80 458 241 483 mensum
278 458 387 482 sensu
416 445 478 483 vix
514 444 570 482 vel
609 443 654 480 ad
684 456 811 488 aures,
855 444 984 479 nedum
1015 443 1060 479 ad
1091 444 1246 480 animum

82 513 271 550 accidente
323 513 448 564 legere
502 509 640 562 sciunt)
696 524 769 546 non
825 510 952 546 defore
997 524 1069 546 non
1110 510 1247 556 dubito,

81 579 210 630 quibus
240 579 285 616 ad
314 579 493 617 ridicilum
521 591 635 629 usque
666 582 924 628 exaggeratus
956 589 1038 613 esse
1064 577 1245 614 videatur.

82 646 230 698 Virgilii
269 648 463 696 aequales,
503 646 563 696 qui
600 645 785 694 rhythmus
823 644 907 694 quid
938 643 972 679 in
1005 649 1114 679 cantu
1145 649 1182 680 et
1210 644 1246 680 in

84 713 253 751 oratioue
282 714 424 764 possit,
456 717 493 751 et
523 713 591 763 ipsi
622 713 764 763 planius
794 711 974 748 sentirent
1005 708 1096 761 (tam
1128 711 1247 760 plane,

84 785 143 826 ut,
175 781 357 818 Cicerone
393 780 583 828 [Orator.
615 793 646 817 c.
678 780 749 830 63]
784 784 953 824 auctore,
985 777 1180 827 aliquando
1212 777 1248 813 in

82 848 186 894 foro,
224 861 332 898 quum
370 848 562 884 dichoreus
601 853 685 898 apte
716 847 884 891 caderet,
928 845 1083 896 populus
1114 846 1249 882 Roma—

82 929 150 953 nus
185 914 327 951 laetitia.
356 914 514 965 gestiret
544 918 583 951 et
614 913 891 964 applauderet),
931 918 967 949 et
997 913 1057 962 qui
1088 912 1248 949 cumula-

84 988 140 1020 tas
178 995 407 1019 numerorum
447 980 754 1019 conformationis
793 981 918 1017 laudes
957 994 1003 1017 ex
1042 980 1133 1016 artis
1174 993 1248 1016 ma-

82 1050 211 1103 gistris
241 1049 289 1086 nil
320 1049 488 1086 admirati
519 1049 712 1085 audirent:
752 1047 776 1084 ii
808 1061 851 1084 ea
881 1047 915 1083 iu
947 1061 986 1084 re
1016 1052 1248 1084 consecrata-

86 1131 163 1156 rum
199 1117 401 1154 fabularum
439 1116 484 1152 de
520 1115 740 1166 Amphione,
785 1115 929 1164 Orpheo
968 1120 1004 1151 et
1041 1114 1180 1151 Arione
1210 1119 1248 1151 et

84 1184 266 1236 opinionis
296 1184 596 1228 recordabantur,
627 1196 719 1232 quae
751 1182 858 1218 etiam
890 1187 964 1218 tum
994 1182 1145 1233 vig-ebat
1175 1181 1245 1218 Lb.

83 1253 149 1298 lv,
181 1256 253 1297 64,
285 1264 355 1301 qua
385 1251 562 1300 pastoris,
594 1249 780 1287 venatoris
811 1254 848 1285 et
877 1262 965 1299 apes
996 1249 1158 1286 curantis
1191 1248 1243 1285 di-

83 1318 218 1356 mensis
253 1317 354 1355 sonis
392 1316 492 1368 ipsae
523 1316 624 1353 ferae
654 1316 855 1352 obedirent.
915 1316 1120 1361 Fatum-9,
1162 1316 1244 1352 Pici

82 1385 197 1432 filius,
244 1385 386 1435 priscus
417 1397 483 1420 rex
515 1383 633 1427 Latii,
680 1396 727 1420 ex
759 1383 822 1427 iis,
861 1382 921 1432 qui
952 1382 1055 1433 primi
1086 1381 1242 1431 aliquam

81 1451 339 1502 humanitatem
370 1450 591 1495 afferebant,
624 1455 707 1500 post
737 1449 873 1486 obitum
904 1462 1034 1486 numen
1067 1462 1242 1500 agrorum

82 1520 202 1558 factus
236 1518 461 1563 vaticinans,
504 1518 641 1555 Faeni
678 1518 700 1554 i.
732 1530 763 1554 e.
795 1517 973 1553 dementis
1005 1516 1149 1553 nomine
1181 1529 1241 1552 co-

82 1588 238 1626 lebatur.
298 1588 441 1624 Graeca
478 1598 584 1622 sacra
620 1598 726 1635 quum
764 1584 969 1629 irruerunt,
1017 1584 1131 1633 ipsum
1163 1582 1240 1633 qui-

83 1656 162 1694 dem
193 1667 274 1693 esse
303 1654 464 1691 Panem
493 1653 676 1703 Lycaeum
708 1652 783 1690 sive
814 1652 1032 1701 Lupercum,
1062 1650 1240 1688 Faunos

84 1728 224 1768 autem,
269 1722 313 1760 ab
354 1734 398 1758 eo
437 1726 474 1759 et
503 1734 524 1757 a
555 1721 681 1757 Fauna
710 1720 786 1757 sive
818 1720 933 1755 Fatua
964 1718 1104 1762 editos,
1150 1729 1238 1767 quo-

84 1803 161 1827 rum
190 1802 263 1828 vox
294 1802 341 1826 ex
371 1788 484 1833 silvis,
516 1800 697 1838 saepeque
728 1791 868 1823 terrore
897 1786 1032 1822 l'auico
1064 1784 1099 1820 in
1131 1797 1237 1834 proe-

84 1858 144 1895 liis
182 1855 389 1899 audiretur,
433 1855 556 1891 Panes
593 1868 674 1890 esse
712 1853 856 1890 fabulae
885 1867 907 1890 a
936 1852 1094 1888 Graecia
1123 1864 1238 1902 nuper

86 1925 209 1962 illatae
251 1921 479 1972 interpretati
516 1925 613 1958 sunt.
672 1923 757 1967 Est,
795 1921 890 1972 quod
926 1924 1054 1957 notatu
1085 1919 1235 1970 dignum

84 1992 272 2035 videatur,
303 1990 504 2033 Horatium,
535 1989 700 2039 qimniam
733 1989 766 2025 in
799 2002 897 2026 usum
928 1987 1168 2039 elegantioris
1198 1992 1235 2024 et

85 2057 364 2096 translationum
395 2057 635 2108 intelligentis
666 2057 818 2093 Romani
848 2056 1009 2107 scripsit,
1042 2067 1232 2103 numquam

86 2126 265 2164 Arcadico
297 2124 440 2161 nominc
473 2126 625 2167 Panem,
668 2125 730 2162 sed
762 2125 921 2161 Faunum
953 2122 1108 2167 dixisse-3
1146 2135 1233 2159 cou—

86 2198 144 2231 tra
181 2193 216 2230 in
251 2192 401 2243 Eclogis
439 2192 626 2243 Virgilium
664 2205 734 2229 non
765 2192 834 2229 nisi
864 2193 1025 2235 Panem,
1061 2189 1230 2240 quoniam

84 2262 228 2299 Graeca
262 2260 408 2298 soboles
444 2260 725 2305 Meliboeorum,
768 2260 984 2309 Tityi-orum
1021 2263 1058 2294 et
1093 2258 1232 2297 Menal-
