1515 2620
434 149 643 188 ECLOGA
673 149 722 197 X,
760 154 937 190 19—21.
1198 155 1289 197 205

94 259 319 313 religionum
365 260 413 298 ad
449 261 571 312 patria
609 261 800 299 domicilia
843 261 1052 312 templaque
1099 273 1168 300 sua
1204 275 1289 313 per-

93 327 293 374 traxerint,
325 327 411 376 Ep.
443 326 585 379 Myelae.
618 329 665 374 ll,
698 334 750 368 36
783 326 888 380 (74).

208 399 401 433 19—21.
460 396 556 432 Post
592 408 682 433 oves
720 395 834 445 opilio
874 408 1020 445 quoque
1063 394 1289 445 propinquat

94 460 416 512 speculabundus,
459 466 497 498 et
537 462 714 512 deinceps
753 462 816 499 alii
855 468 1029 513 pastores
1069 462 1164 499 alter
1204 465 1292 512 post

93 528 264 566 alterum.
303 550 359 556 —
397 528 584 579 Daphnidi
616 528 872 573 Theocriteo,
916 529 1000 579 qui,
1039 543 1149 567 verus
1180 542 1291 579 quum

93 599 224 645 pastor
244 598 357 640 esset,
389 595 459 632 (liis
479 608 659 647 agrorum
689 595 908 633 familiarius
940 596 993 633 uti
1024 600 1286 643 consueverat,

92 661 304 699 Mercurius
321 662 476 712 primum
507 663 780 714 propinquabat
812 662 1009 713 propitius,
1042 667 1118 699 tum
1149 662 1290 700 caeteri

92 733 268 780 pastores
299 733 337 766 et
367 734 453 780 post
483 729 546 767 alii
577 730 628 767 dii
657 730 802 767 rurales
834 730 861 775 Ι,
894 733 969 767 77:

138 815 332 850 Mercurius
358 817 485 859 primns
510 816 650 851 veniens
675 818 718 850 ‹le
742 820 870 858 monte,
897 816 975 849 terit
1000 820 1033 849 te

138 871 289 915 Daphni,
315 871 438 916 inquit,
465 871 566 916 quis?
591 871 666 913 dic,
693 873 792 906 ardes
818 883 918 915 quem
944 876 1011 905 tam
1037 870 1287 905 vehementer?

345 928 506 960 Pastores
532 938 658 960 venere
684 928 797 969 boum,
825 939 1004 971 caprarum
1030 928 1226 972 oviumque,

139 983 360 1018 Quaerebant
383 993 518 1024 omnes,
544 984 632 1016 male
657 994 717 1016 cur
741 984 784 1016 sit
794 982 812 1016 ’.ἒ

94 1062 296 1114 Sapienter
341 1076 432 1102 oves
471 1063 677 1115 Virgilius,
731 1077 826 1114 quae
872 1063 1098 1114 hospitibus,
1152 1064 1287 1115 quippe

95 1129 256 1175 cicures,
288 1130 644 1181 propinquaverant,
677 1131 876 1181 opilionem
908 1131 1087 1168 continuo
1119 1132 1287 1182 aliosque

91 1201 268 1248 pastores
299 1202 480 1247 sequutos
511 1210 595 1234 esse
626 1196 729 1243 facit,
761 1198 990 1248 primumque
1021 1198 1154 1235 deinde
1173 1199 1286 1248 Apol-

90 1263 214 1309 linem,
247 1264 306 1302 cui
325 1264 457 1301 Gallus
488 1265 629 1314 pridem
661 1269 770 1301 notus
802 1270 916 1302 esset.
954 1265 1120 1312 l'pilio,
1153 1271 1285 1303 exten·

90 1343 170 1367 sum
202 1343 249 1368 ex
282 1333 441 1378 opilio,
483 1337 611 1368 custos
643 1331 784 1377 ovium,
824 1346 891 1382 pro
923 1334 1077 1378 ovilio,
1117 1333 1215 1382 quod
1247 1336 1286 1370 et

88 1397 208 1448 ipsum
240 1398 438 1448 reperitur.
483 1399 541 1434 Ex
573 1395 641 1444 ὄϊς,
674 1402 766 1435 (mis
797 1398 832 1435 in
865 1399 973 1436 ltalia
1000 1398 1127 1444 fiebat,
1158 1398 1287 1436 addita

90 1464 322 1514 aspiratione
352 1464 525 1511 Aeolica3
566 1464 623 1509 id,
663 1469 873 1514 correptum
905 1465 940 1500 in
974 1477 1071 1514 ops,
1111 1466 1287 1514 quemad-

88 1531 236 1568 modum
267 1530 368 1579 δαὶς,
400 1532 540 1576 slavis,
575 1532 700 1577 daps,
734 1531 951 1568 declarabat
976 1532 1099 1576 bona,
1132 1531 1285 1570 divitiae

89 1597 264 1648 quoniam
295 1611 343 1635 ex
375 1609 511 1647 pecore
542 1601 670 1641 erant,
702 1597 881 1646 deamque
912 1598 1144 1643 divitiarum,
1184 1599 1283 1646 Ops,

89 1676 186 1714 quae
224 1664 295 1700 dea
340 1664 519 1712 quaedam
568 1667 649 1700 erat
689 1669 878 1713 pastorum
918 1678 940 1701 a
979 1665 1095 1715 prima
1133 1665 1284 1716 origine

88 1730 204 1778 Epp.
236 1727 377 1780 Mych.
409 1730 437 1775 l,
475 1734 536 1768 17.
569 1744 604 1780 p.
640 1733 717 1768 105
751 1727 883 1781 (111).
916 1731 1011 1768 llinc
1041 1730 1178 1768 factum
1212 1736 1282 1777 est,

88 1800 131 1834 ut
169 1796 331 1847 priscum
366 1796 518 1835 verbum
558 1799 714 1843 opilio,
755 1798 852 1846 quod
895 1797 929 1833 in
969 1798 1101 1848 lingua
1137 1803 1281 1836 tantum

88 1863 263 1901 manebat
293 1863 454 1907 rustica,
487 1863 532 1900 de
563 1864 732 1900 omnihus
763 1876 908 1913 quoquo
939 1864 1088 1900 omnino
1121 1866 1281 1915 pastori-

87 1930 169 1974 bus,
201 1929 505 1980 quemadmodum
536 1930 633 1979 apud
665 1930 858 1980 Apulojum
891 1931 995 1967 Met.
1017 1931 1112 1968 vm.
1145 1946 1179 1981 p.
1201 1937 1282 1970 210

88 1997 134 2034 de
164 1996 365 2047 caprariiS,
410 1996 482 2033 dici
520 2002 660 2046 posset.
720 1997 973 2042 Bubulcus,
1016 2003 1053 2034 et
1083 1998 1200 2047 ipsum
1231 2010 1281 2035 ex

86 2067 237 2102 vetusta
273 2063 405 2114 lingua
440 2062 707 2109 ruricolarum,
749 2069 874 2100 rector
913 2064 1062 2114 proprie
1095 2064 1202 2100 boum
1233 2065 1281 2102 ad

87 2133 252 2167 aratrum
290 2130 347 2168 vel
389 2129 614 2179 plaustrum3
659 2130 712 2167 ita
743 2130 949 2166 Columella
979 2143 1024 2166 eo
1056 2135 1094 2166 et
1124 2131 1279 2169 Ovidius

86 2200 261 2234 utuntur:
294 2196 429 2234 deinde
459 2201 588 2246 pastor
619 2197 747 2242 boum3
779 2196 887 2246 quale
918 2196 954 2232 in
988 2197 1144 2234 Ausonii
1171 2198 1278 2235 Lxu

85 2262 375 2314 epigrammate,
425 2263 487 2301 ubi
528 2263 681 2314 primam
727 2263 909 2312 syllabam
948 2264 1086 2303 (mbm
1125 2264 1278 2315 insuper
