1515 2620
545 116 750 155 ECLOGA
783 117 848 163 ΙΧ,
882 122 1004 157 2-6.
1277 128 1363 168 165

175 228 287 270 nant,
332 215 359 262 ἇ
391 219 510 272 πόδες
541 219 655 277 ἆγον,
702 241 774 278 qua
804 229 916 278 pedes
947 229 1144 267 ducebant.
1203 230 1363 269 Miratur

173 291 293 343 igitur
339 291 606 345 interrogans,
651 294 738 344 quid
776 295 843 341 sit,
888 295 987 345 quod
1028 296 1169 333 Moeris
1208 297 1361 343 amicus,

171 359 345 411 agricola
375 364 450 397 tam
481 359 657 411 diligens,
690 360 725 396 in
759 361 884 398 urbem
918 362 1053 399 habeat
1084 366 1360 411 reptandnm.

172 424 285 463 Hafu.
327 427 366 464 C
396 426 492 478 legit
532 433 614 463 ant
651 440 735 477 quo
766 431 862 473 via,
910 430 1213 478 quemadmodmn
1246 432 1361 469 editio

174 492 329 531 Veneta.
400 493 458 530 An
506 493 630 530 scriba
676 493 841 532 fortasse
877 493 1003 533 haud
1039 511 1103 547 pro
1143 512 1285 537 nonne
1322 498 1359 536 in

169 559 294 597 animo
323 559 519 597 habuerit!

284 631 407 665 2—6.
466 627 633 673 Moeris,
665 627 722 666 vir
752 634 878 666 aetate
902 630 978 680 jam
1011 630 1239 679 aliquantum
1271 644 1357 681 pro-

168 698 299 732 vectus
330 707 365 732 v.
399 697 472 740 51,
503 698 575 731 tam
608 695 667 732 ‹liu
701 696 842 734 vixisse
872 709 914 733 se
944 697 1188 741 lamentatur,
1222 702 1261 733 ut
1292 698 1357 733 ‹lo-

168 760 289 798 minos
329 773 419 797 suos
462 762 607 799 advena
645 763 856 812 expulerit,
906 763 1043 813 istique
1081 763 1159 813 ipse
1195 776 1356 815 gregum

169 840 319 864 suorum
351 834 572 878 proventum
605 829 641 865 in
674 830 799 866 urbem
833 830 968 867 debeat
992 829 1152 866 deferre.
1172 830 1356 869 ——Prae-

169 895 261 931 sulis
291 895 389 946 agri,
431 897 588 940 villici,
621 897 666 932 ad
699 895 825 933 officia
856 909 1002 934 servum
1035 896 1240 934 Columella
1270 898 1298 943 l,
1330 903 1354 936 8

165 961 324 1012 requirit
365 962 412 998 ad
444 975 559 1012 opera
590 962 731 999 rustica
762 976 784 999 a
815 975 930 1012 puero
962 962 1170 1000 institutum
1202 968 1240 1001 et
1271 978 1355 1014 pro-

164 1028 313 1074 batum,
352 1041 473 1079 neque
511 1029 787 1066 adolescentem
819 1029 938 1065 adhue
970 1042 1039 1066 nec
1069 1043 1215 1075 senem,
1256 1031 1355 1068 intra

165 1095 401 1147 trigesimum
442 1096 672 1146 potissimum
705 1102 743 1133 et
774 1096 1051 1148 sexagesimum
1084 1110 1219 1133 annum
1251 1103 1353 1135 aeta-

163 1162 235 1211 tis,
267 1163 457 1201 scribendi
489 1163 646 1213 peritum
678 1169 742 1201 aut
772 1163 877 1200 firma
909 1163 1040 1200 saltem
1072 1164 1258 1210 memoria,
1291 1165 1353 1215 qui

164 1243 286 1281 neque
317 1230 443 1268 urbem
476 1243 545 1267 nec
576 1230 762 1267 nundinas
793 1231 915 1273 adeat,
947 1239 1206 1281 praeterquam
1231 1232 1262 1268 si
1287 1245 1351 1269 ne-

167 1297 324 1334 cessarii
354 1297 491 1347 aliquid
522 1297 659 1334 habeat
690 1298 881 1334 emendum
913 1302 978 1334 aut
998 1299 1242 1344 vendendum,
1273 1299 1352 1349 pla—

162 1363 246 1402 cido
279 1363 423 1411 animo,
463 1364 628 1408 fidelem,
662 1364 842 1401 intentum
876 1364 910 1400 in
944 1365 1067 1401 omnia
1099 1372 1136 1401 et
1166 1378 1188 1401 a
1218 1378 1350 1415 super-

163 1430 318 1468 stitione
348 1432 521 1468 alienum.
592 1432 682 1471 Vivi
707 1434 1009 1478 pervenimus,
1050 1439 1103 1467 ut
1131 1453 1203 1476 ἡ,
1234 1431 1346 1477 inest,

164 1510 235 1543 eo,
267 1510 408 1548 nsque
438 1511 508 1544 eo,
542 1506 606 1536 ut.
664 1498 919 1543 Burmannus,
952 1498 1011 1534 cui
1041 1497 1169 1534 durius
1200 1498 1351 1536 videba-

162 1568 224 1602 tur
262 1578 310 1603 eo
350 1565 546 1610 omissum,
592 1570 696 1601 recte
735 1564 1025 1608 existimaverit,
1073 1564 1104 1601 si
1143 1568 1349 1611 venimus,

162 1638 214 1669 ut
251 1631 387 1668 dictum
427 1636 539 1669 esset.
611 1632 840 1676 veteranus,
891 1631 951 1680 qui
997 1631 1031 1667 in
1072 1631 1349 1681 possessionem

162 1697 370 1748 irruperat,
414 1698 519 1735 miles
565 1711 611 1735 an
651 1700 821 1735 advena
860 1696 972 1734 fuerit
1010 1697 1078 1734 hae
1115 1697 1152 1734 in
1189 1698 1348 1749 regione

161 1769 304 1802 tantum
335 1770 401 1802 aut
430 1765 466 1802 in
500 1765 618 1810 ltalia,
650 1778 696 1802 an
728 1764 860 1801 Arrius
892 1764 1060 1801 centurio
1092 1768 1157 1802 aut
1178 1764 1345 1811 Clodius,

160 1844 268 1882 quem
311 1832 375 1869 alii
405 1845 583 1883 agrorum
617 1837 758 1868 tantum
792 1832 948 1868 vicinum
980 1831 1141 1877 faciunt,
1179 1837 1245 1868 aut
1275 1831 1347 1868 Mi-

159 1898 281 1936 lienus
327 1899 437 1935 Toro
484 1898 742 1949 primipilaris:
790 1912 862 1935 nou
915 1899 1035 1950 magis
1072 1898 1108 1935 id
1149 1898 1346 1949 dijudicari

159 1979 260 2003 nunc
290 1970 435 2016 potest,
477 1979 584 2015 quam
616 1978 743 2016 parum
776 1966 811 2002 id
843 1965 971 2003 refert.
1032 1966 1185 2003 Nostri
1216 1965 1345 2016 agelli,

158 2033 269 2083 quale
301 2046 334 2071 v.
370 2038 417 2070 11
453 2031 608 2070 nostra
638 2033 820 2070 earmina:
853 2047 974 2070 sermo
1006 2037 1064 2070 est
1095 2032 1275 2068 candidae
1307 2031 1342 2068 in

159 2101 287 2138 lterum
319 2100 469 2150 pietatis
503 2102 540 2145 l,
573 2106 609 2139 8.
671 2101 830 2139 Fervida
862 2101 1055 2139 verborum
1087 2098 1259 2149 trajectio
1289 2098 1342 2136 di-

160 2167 322 2206 ctionem
360 2167 517 2217 requirit
555 2168 727 2204 alacrem.
787 2167 928 2203 Lector
958 2165 1104 2215 srigvns
1135 2170 1200 2202 aut
1230 2164 1339 2202 etiam

158 2234 361 2286 opprobria
400 2235 623 2284 anquireus,
669 2234 843 2284 quidquid
883 2232 995 2272 nativi
1033 2231 1068 2266 in
1111 2231 1272 2268 llomero
1304 2238 1340 2269 et

1073 2293 1113 2323 ll
1153 2289 1170 2306 ⁰
