1472 2620
177 144 240 185 56
505 139 707 177 ECLOGA
737 139 797 184 vl,
828 143 1024 178 76—77.

180 252 369 297 Avernus,
411 250 604 288 Eridanus.
663 251 772 293 Quod
803 251 919 302 majus
949 249 1015 296 sit,
1062 250 1228 301 Orpheus
1259 253 1343 290 sub-

182 318 323 356 dititius
339 318 431 369 Arg.
464 322 570 356 1134
599 323 751 369 propter
768 318 973 364 Oceanum,
1004 330 1075 367 qua
1105 318 1151 354 ad
1177 320 1344 358 occiden-

181 390 253 423 tem
284 384 396 422 solem
427 389 464 422 et
500 385 547 423 ad
583 385 865 437 septemtriones
902 390 1066 436 spectat,
1111 385 1223 435 ipsam
1253 387 1346 425 Her-

180 451 348 490 mioniam
378 452 536 504 reperit,
568 466 682 504 prope
712 453 756 491 ab
786 466 851 499 eo,
882 452 942 503 qui
968 458 1042 489 tum
1073 458 1172 498 erat,
1204 453 1249 490 ad
1279 454 1346 491 Or-

179 533 258 557 cum
289 519 404 559 aditu.
470 521 595 563 Quare
631 520 716 571 quid
755 521 903 566 mirum,
942 520 1058 570 quod,
1099 533 1170 570 qua
1209 526 1344 568 aetate,

179 600 286 638 quum
316 588 462 639 saepius
492 588 577 625 litus
606 588 820 641 Argolicum
859 587 1012 625 navibus
1050 587 1232 634 adiretur,
1283 588 1346 625 Ni-

179 668 267 693 saea
297 656 422 707 Scylla
452 655 616 693 biformis
640 657 757 693 locum
789 669 892 692 suum
929 668 1001 691 non
1035 655 1187 706 amplius
1219 662 1346 693 tenere

179 728 324 775 posset,
357 728 487 775 poetae
516 723 628 774 aliqui
658 724 694 760 in
725 723 894 760 fabuloso
925 722 1033 759 etiam
1065 728 1138 759 tum
1169 722 1266 760 freto
1287 723 1346 760 Si-

178 790 285 829 ciliae
315 804 393 829 eam
425 790 633 841 posuerint:
679 790 808 840 partim
839 790 874 827 in
904 789 1040 829 vicinia
1070 803 1183 841 prope
1214 790 1346 827 Home-

178 858 290 895 ricam
321 857 432 895 filiam
462 858 687 903 Crataeidis,
718 857 796 896 sive
827 857 1067 908 posteriorem
1093 857 1347 908 Phorcynida3

178 925 309 975 partim
333 925 441 962 etiam
465 939 529 976 pro
554 925 627 962 illa.
672 925 703 962 A
730 925 833 971 Niso,
866 925 1233 962 comminiscebantur
1259 931 1345 971 tum,

178 997 378 1030 monstrum
410 992 590 1045 originem
628 992 800 1038 duxisse,
849 993 965 1043 quod,
1016 992 1221 1043 oppositum
1253 994 1347 1030 cha-

177 1059 303 1109 rybdis
332 1061 497 1112 gurgiti,
537 1060 852 1112 praetervehentis
884 1060 1026 1109 [flyssis
1066 1060 1218 1096 comites
1255 1074 1347 1097 non-

178 1126 298 1163 nullos
328 1128 480 1165 canibus
510 1129 586 1165 suis
617 1127 918 1178 succingentibus
949 1126 1217 1164 dilaceraverit.

289 1199 493 1234 76—77.
553 1194 864 1237 Quemadmodum
895 1194 985 1230 haec
1015 1193 1094 1244 ipsa
1125 1195 1282 1244 Scylla
1311 1198 1348 1232 et

179 1261 327 1314 origine
357 1267 394 1300 et
423 1261 540 1300 forma
570 1276 637 1300 sua
667 1262 711 1300 ab
742 1261 937 1299 Homerica
967 1261 1168 1311 discrepat,
1208 1262 1260 1298 ita
1289 1274 1346 1299 re-

178 1329 299 1379 liquae
329 1343 473 1381 quoque
504 1335 628 1381 partes
657 1329 817 1367 fabulae.
876 1329 966 1366 Nam
998 1329 1212 1366 Homericus
1238 1330 1346 1380 [lys-

178 1409 239 1434 ses
276 1410 394 1447 neque
431 1398 614 1449 regnabat
649 1395 871 1441 Dulichii,
917 1410 1036 1446 neque
1066 1410 1087 1433 a
1118 1396 1347 1448 Laestrygo-

179 1464 286 1501 nibus
317 1465 397 1515 plus
426 1468 597 1502 unicam
627 1478 775 1502 navem
805 1470 1030 1502 servaverat.
1090 1461 1346 1501 Dulichium

180 1544 228 1569 ex
258 1532 386 1569 insulis
416 1532 660 1570 Echinadibus
690 1532 734 1568 ad
765 1531 928 1568 limosum
959 1531 1089 1568 ostium
1121 1532 1271 1568 Acheloi
1303 1533 1345 1570 ll.

180 1599 226 1645 ll,
254 1603 332 1638 635
354 1605 452 1644 erat,
483 1613 632 1649 quarum
655 1600 822 1650 princeps
841 1600 973 1650 Meges
994 1612 1072 1636 cum
1097 1599 1345 1651 quadraginta

181 1667 334 1705 navibus
363 1668 409 1704 ad
425 1668 580 1718 Trojam
607 1666 930 1717 proficiscebatur,
962 1680 1067 1716 quum
1091 1667 1258 1717 princeps
1275 1668 1344 1704 Ce-

180 1734 403 1785 phalleniae,
448 1735 620 1784 Ulysses,
666 1733 856 1771 duodecim
886 1747 957 1770 non
998 1734 1150 1784 amplius
1180 1734 1346 1772 haberet.

181 1803 263 1852 lpse
288 1802 498 1839 Herodotus
522 1803 565 1847 ll,
601 1808 650 1840 10
675 1802 825 1839 alteram
848 1807 986 1852 partem
1013 1802 1234 1839 Echinadum
1258 1802 1342 1840 limo

181 1874 342 1922 aggesto
373 1883 451 1907 cum
488 1869 690 1907 continenti
729 1874 830 1907 terra
866 1869 1116 1907 continuatam
1151 1870 1259 1916 vidit,
1308 1874 1345 1908 et

181 1938 420 1988 Thucydides
449 1943 659 1975 cunctarum
690 1937 790 1976 brevi
821 1942 984 1988 tempore
1025 1937 1174 1975 similem
1205 1943 1340 1976 sortem

180 2005 339 2045 suturam
369 2005 563 2057 praedixit.
623 2006 720 2043 luter
745 2006 878 2056 primas
898 2003 1155 2043 Dulichium
1179 2006 1339 2044 Homeri.

181 2075 294 2114 tritici
333 2073 438 2112 ferax
484 2079 520 2111 et
559 2073 770 2118 herbosum,
821 2074 924 2124 cujus
960 2072 1225 2124 qninquaginta
1267 2074 1339 2110 duo

182 2143 324 2181 nobiles
346 2142 502 2194 juvenes
519 2142 730 2193 Penelopen
755 2142 980 2186 ambiebant,
1011 2140 1216 2178 accrevisse
1242 2140 1341 2179 vide-

182 2217 253 2250 tur.
312 2210 446 2248 Strabo
477 2210 570 2249 enim
600 2210 635 2246 X
666 2225 700 2261 p.
733 2214 811 2249 458
842 2209 1018 2260 reliquas,
1061 2221 1153 2258 quae
1183 2208 1340 2259 quinque

184 2279 240 2319 vel
269 2278 472 2330 quindecim
509 2278 637 2317 stadiis
666 2278 690 2314 i.
722 2291 752 2315 e.
792 2278 888 2315 intra
923 2276 1106 2314 dimidium
1135 2276 1337 2314 milliarium
