1515 2620
261 190 466 230 ECLOGA
497 192 546 231 X.
579 194 887 233 ARGUMENT!
920 195 1204 236 NARRATIO·
1255 203 1342 243 195

147 303 337 341 desertum
385 309 551 355 poetam,
606 305 844 343 misericorde
889 311 1001 344 cantu
1044 307 1080 344 in
1126 307 1266 358 eampis
1305 313 1343 345 et

146 369 233 407 altis
264 375 302 408 et
332 371 527 409 humilibus
558 377 596 409 et
626 372 662 409 in
694 373 775 423 ipsa
805 373 987 419 Arcadia,
1018 386 1090 424 quo
1123 375 1230 412 dolor
1259 387 1342 412 eum

146 439 337 489 coegerit,
374 451 396 475 a
435 438 647 489 pastoribus
685 444 722 476 et
760 439 830 476 diis
869 454 1047 492 agrorum
1085 440 1212 479 fletum
1243 455 1340 480 esse.

147 505 286 543 Dolore
317 518 443 542 eorum
476 512 696 543 commotum
728 505 826 543 vitae
858 508 955 557 apud
986 520 1052 544 eos
1082 509 1247 546 rusticae
1278 522 1340 546 se-

145 584 270 610 curam
288 578 491 623 exoptasse
509 573 754 619 clementiam,
786 573 867 624 ipse
887 587 996 623 quum
1017 587 1115 612 nune
1138 576 1183 612 ab
1202 575 1340 612 amoris

143 639 251 676 simul
283 644 321 677 et
352 640 437 677 belli
468 640 690 678 erudelitate
722 646 898 685 vexetur3
930 654 1056 679 verum
1089 641 1204 679 etiam
1223 643 1339 679 Arca-

144 706 236 744 dicis
268 707 539 754 delenimentis,
569 707 629 746 vel
659 707 691 744 si
721 708 769 745 ad
800 712 990 745 extremos
1021 707 1123 745 orbis
1155 712 1338 746 terrarum

143 771 239 811 fines
268 774 381 812 vellet
410 774 587 827 migrare,
619 773 779 812 infelicis
811 787 851 811 se
878 788 988 825 posse
1005 773 1195 811 cruciatus
1213 788 1338 812 amen-

143 841 219 879 tiae
250 842 436 879 moderari
467 842 701 893 desperasse.
754 843 973 879 Commenta
1002 846 1089 878 sunt
1119 842 1166 878 ad
1198 855 1337 879 ornan-

142 908 239 956 dum,
271 922 346 946 non
378 922 490 947 verae
519 922 593 947 res,

256 974 400 1027 Magna
441 988 529 1026 pars
575 974 748 1012 carminis
787 974 881 1011 enim
928 974 1045 1012 libera
1083 975 1240 1012 imitatio
1280 981 1338 1013 est

141 1041 350 1093 Daphnidis
381 1042 417 1079 in
450 1041 566 1093 primo
597 1041 724 1092 idyliio
744 1040 944 1078 Theocriti
973 1055 1100 1079 amore
1130 1042 1337 1092 liquescen-

143 1108 206 1147 tis.
266 1109 394 1151 Quare
423 1108 587 1159 Martyni
624 1109 710 1146 mihi
740 1109 886 1147 videtur
916 1109 1189 1159 approbatione
1220 1110 1337 1162 digna

143 1177 363 1227 conjectura
393 1189 496 1214 esse:
530 1176 836 1226 quemadmodum
868 1176 1189 1226 pharmaceutriae
1204 1178 1335 1214 Theo-

141 1243 283 1281 eriteae
314 1243 543 1288 Pollionem,
587 1243 641 1279 sie
679 1243 795 1293 ipsum
834 1242 931 1278 iilius
972 1242 1187 1279 nominatim
1219 1242 1335 1292 idyllii

143 1311 290 1349 Gailum
321 1309 565 1347 imitationem
599 1309 814 1360 requisisse.
847 1308 944 1346 Galli
976 1309 1157 1354 nimirum,
1178 1309 1335 1359 perituri

141 1391 288 1424 aniore,
321 1377 555 1427 desperatio,
595 1377 675 1427 ipse
706 1389 815 1426 quum
845 1374 1024 1426 persidam
1056 1380 1178 1413 tamen
1211 1376 1333 1424 Lyco-

140 1444 197 1482 rin
229 1445 348 1482 hieme
372 1445 449 1495 jam
481 1443 570 1481 atini
601 1442 1071 1480 1⁷)chvl-Dccxvu
1091 1454 1136 1479 eo
1154 1441 1331 1486 carmine,

140 1525 189 1550 ex
220 1525 293 1562 quo
322 1524 454 1550 versus
487 1510 666 1562 Virgilius
695 1515 856 1559 quatuor
886 1512 1052 1547 46—49
1085 1507 1227 1557 recepit
1256 1507 1332 1557 ple-

138 1592 210 1617 nos
241 1578 400 1624 ardoris,
432 1581 470 1614 et
499 1581 585 1628 post
615 1581 776 1626 quatuor
792 1574 897 1612 libris
915 1574 1122 1625 elegiarum
1139 1573 1331 1610 celebrare

138 1645 324 1698 potuerit,
368 1644 515 1695 poetice
551 1643 692 1695 magis,
733 1655 840 1692 quam
873 1641 974 1678 serio
1011 1644 1049 1678 et
1084 1640 1131 1677 ad
1169 1639 1328 1686 literam,

138 1712 387 1765 intelligenda
417 1710 504 1750 erit.

515 1988 952 2027 Auonocata.

256 2107 392 2142 1—8.
451 2102 570 2137 Unum
608 2099 760 2149 insuper
790 2095 932 2147 pastori
961 2106 1130 2140 carmen,
1167 2093 1326 2131 candida

139 2171 320 2222 Nympha,
350 2182 447 2220 quae
476 2167 687 2204 Theocrito
718 2164 862 2202 animos
892 2160 1095 2212 inspirasti,
1126 2174 1193 2210 pro
1214 2159 1324 2197 Gallo

140 2251 222 2275 meo
261 2236 347 2274 mihi
386 2235 546 2286 iargire:
592 2234 628 2270 in
667 2235 830 2282 spretum
861 2228 940 2276 ejus
970 2240 1132 2265 amorem
1161 2239 1323 2271 carmen,

140 2304 249 2356 quale
279 2302 465 2353 cupiebat,
496 2301 583 2339 mite
613 2304 651 2337 et
681 2300 925 2342 mansuetum,
956 2291 1324 2387 q⁰⁰‘¹1⁸{e¹01³y⁰⁰¹i⁸
