1515 2620
440 154 648 194 ECLOGA
678 153 774 200 vm,
806 157 960 193 6-13.
1213 160 1233 197 1
1244 160 1291 199 ss

111 279 192 305 mae
223 265 435 318 popularis,
477 272 532 312 et,
575 266 607 303 si
639 265 766 311 voles,
810 269 967 303 naturae
997 265 1116 303 duxit.
1176 264 1294 316 Illy-

111 337 272 380 ricum,
306 334 493 384 Illyris,
530 333 701 383 Illyria
733 332 1050 382 septemtrionalis
1084 345 1152 369 ora
1182 332 1294 369 maris

110 401 291 439 Adriatici
323 415 404 438 cum
435 399 543 452 vagis
570 399 738 436 terminis
769 400 983 436 dicebatur:
1017 413 1065 437 ex
1096 404 1295 438 consuetu-

110 468 197 506 dine
227 469 273 506 ad
307 467 546 506 Occidentem
578 466 893 516 complectebatur
924 467 1153 513 Liburniam,
1185 479 1297 517 saepe

110 547 193 573 cum
234 535 345 573 istria
385 534 432 572 ad
469 534 664 585 Tergeste
695 547 811 583 usque
842 540 879 570 et
909 534 955 571 ad
987 534 1178 571 Orientem
1209 535 1296 571 Dal·

112 602 280 649 matiam3
322 614 438 652 quae,
477 601 513 638 in
545 601 824 650 comparatione
857 606 1040 638 terrarum
1071 602 1297 640 Brundisina

111 668 158 705 ad
189 669 368 705 Scodram
400 681 516 718 usque
546 668 696 705 diducta
727 666 795 719 (lv
826 668 961 719 Arg.),
994 667 1153 704 rebelles
1182 669 1296 705 Par-

110 733 256 773 thinos
293 736 373 774 sive
413 736 622 773 Parthenos
653 748 733 772 cum
764 735 960 786 conjurata
991 734 1082 771 urbe
1113 735 1295 773 Salonis

110 803 307 840 continuit.
368 803 499 849 Poeta,
531 803 616 840 dum
647 803 745 839 unde
776 808 813 839 et
842 816 914 852 quo
938 802 1059 838 l’ollio
1091 815 1180 839 suus
1210 816 1295 852 pro-

111 868 324 916 ficiscatur,
356 872 480 907 acrius
511 870 669 921 cogitat:
703 869 850 906 Utinam
884 882 1065 918 umquam,
1097 870 1295 916 exclamat,

110 949 258 974 carmen
289 949 364 988 ego
395 941 433 973 te
464 936 630 987 dignum,
662 936 803 972 victore
835 941 871 972 et
897 936 1085 985 Sophocle
1112 937 1295 982 Romnum

108 1016 248 1042 canere
279 1003 434 1054 possim!
485 1004 622 1039 Omnes
652 1016 752 1039 meas
784 1002 882 1039 vires
913 1004 1107 1053 experiar!
1146 1004 1296 1042 Interea

110 1071 227 1116 hunc,
265 1075 329 1108 tuo
355 1071 465 1122 jussu
497 1076 639 1115 ortum,
678 1075 826 1107 cantum
856 1070 1005 1120 accipe,
1037 1071 1209 1108 hederam
1242 1071 1295 1109 in-

111 1144 169 1175 ter
198 1138 325 1175 lauros
356 1137 547 1176 victrices!
608 1138 663 1174 Σιι
692 1151 917 1187 vmqvam,
949 1150 1133 1186 quaerens
1163 1143 1201 1174 et
1231 1152 1295 1189 op-

110 1209 195 1242 tans
226 1205 261 1250 l,
293 1209 359 1243 67.
420 1204 562 1249 Pollio,
594 1205 692 1254 quod
723 1205 882 1249 videtur,
914 1206 1177 1254 tragoede’as
1207 1219 1295 1243 suas

110 1271 180 1318 ΙΙΙ,
229 1276 282 1310 86
323 1272 369 1309 ad
410 1272 593 1322 publicum
625 1285 728 1308 usum
763 1272 923 1308 noudum
956 1272 1185 1324 collegerat,
1230 1274 1296 1311 sed

109 1338 280 1390 singulas
334 1343 500 1385 tantum,
561 1339 863 1389 quemadmodum
917 1339 1096 1390 Virgilius
1140 1341 1296 1392 eclogas

109 1419 217 1451 suae,
249 1406 437 1451 ediderat3
477 1406 624 1455 aliquae
656 1406 690 1442 iu
725 1406 876 1443 Venetis
908 1411 1101 1456 spectatae
1130 1406 1295 1453 fuerant,

109 1473 171 1510 ubi
216 1486 317 1510 anno
360 1473 534 1510 Dccxn
578 1473 725 1523 Virgilii
766 1478 936 1522 pastor-es
975 1486 1039 1509 eas
1080 1473 1296 1513 laudabant.

110 1540 230 1577 Etiam
263 1544 348 1590 post
378 1540 611 1590 triumphum,
642 1552 752 1589 quum
783 1552 805 1575 a
836 1539 1025 1589 republica
1057 1540 1294 1587 decessisset,

109 1607 146 1644 in
186 1607 396 1659 tragoediis
433 1607 700 1657 componendis
740 1612 811 1643 tam
852 1612 933 1643 erat
962 1607 1135 1643 assiduus
1167 1612 1205 1644 et
1234 1607 1293 1645 in-

110 1674 296 1719 dustrius,
342 1679 383 1710 ut
413 1674 592 1712 Horatius
625 1674 655 1710 ll
688 1674 747 1710 od.
784 1682 823 1721 1,
863 1680 886 1711 9
919 1687 999 1710 eum
1032 1674 1202 1711 hortatus
1233 1674 1294 1721 sit,

109 1747 151 1778 ut
188 1755 211 1779 a
246 1742 355 1778 Musa
391 1755 550 1780 severae
588 1741 810 1791 tragoediae
848 1741 1119 1791 aliquantisper
1156 1746 1292 1789 cesset,

109 1812 148 1846 et
177 1808 334 1853 demum,
366 1814 561 1858 postquam
593 1808 783 1843 historiam
816 1807 900 1843 belli
931 1807 1050 1845 civilis
1080 1808 1293 1858 perfecerit,

109 1874 157 1911 ad
199 1875 343 1925 grande
387 1887 518 1910 munus
560 1874 674 1909 Attici
717 1874 887 1910 cothurni
924 1874 1066 1911 redeat.
1137 1875 1293 1913 Servius

109 1954 200 1992 prae
237 1953 278 1978 se
316 1939 390 1977 fert
419 1940 636 1984 scientiam,
670 1940 875 1976 Pollionem
907 1940 941 1976 iu
974 1946 1131 1992 utraque
1161 1942 1293 1994 lingua

109 2008 330 2060 tragoedias
361 2007 569 2057 scripsisse.
628 2008 739 2044 Sola
779 2005 1020 2053 Sophocleo
1053 2010 1194 2058 digna
1223 2023 1291 2046 co-

108 2072 268 2112 tlmrao
309 2074 333 2111 i.
365 2087 398 2111 e.
430 2074 569 2123 digna,
607 2086 701 2122 quae
732 2087 812 2110 cum
845 2074 1061 2111 sublimibus
1093 2076 1292 2125 Sophoclis

109 2140 244 2179 fabulis
281 2140 539 2178 conferantur.
600 2140 701 2176 varii
732 2141 941 2189 Thyestes,
986 2154 1093 2191 quam
1125 2144 1291 2181 Graeco-

109 2221 188 2245 rum
227 2208 380 2245 cuilibet
409 2208 664 2249 Quintilianus
694 2212 902 2257 comparat,
943 2210 1055 2245 multo
1087 2214 1171 2259 post
1201 2214 1290 2248 notu

108 2274 240 2313 fiebat:
274 2287 382 2324 quum
413 2280 552 2319 essent,
584 2276 644 2325 qui
675 2274 883 2312 hereditate
914 2273 948 2311 id
980 2288 1074 2326 opus
1104 2288 1126 2312 a
1157 2277 1290 2315 Cassio
