1515 2620
274 149 480 189 ECLOGA
499 150 567 189 lX.
609 151 918 190 ARGUMENT!
942 153 1222 193 NARRATIO.
1255 161 1339 202 161

154 261 315 299 Praeter
352 262 529 300 Caesaris
567 263 765 302 Octaviani
799 266 908 316 jussa
947 265 1157 315 patrocinio
1188 278 1335 316 quoque

153 340 200 365 ea
228 327 265 364 in
295 341 337 365 re
367 327 555 366 fautorum
586 343 755 376 suorum,
787 331 849 381 qui
880 337 987 368 erant
1018 331 1115 368 inter
1145 332 1249 384 agris
1281 332 1335 370 di-

152 393 325 432 vidundis
363 397 620 448 praepositos,
678 397 785 442 Vari,
839 397 1020 447 praefecti
1060 398 1249 444 militaris,
1296 403 1334 436 et

152 460 319 500 Cornelii
359 463 475 511 Galli,
522 476 678 513 quocum
711 463 788 514 jam
828 464 913 501 inde
953 464 997 500 ab
1029 477 1127 501 anno
1159 465 1333 501 DCan

151 540 219 578 per
249 542 476 568 communem
509 530 665 568 amicum
696 531 862 568 Asinium
895 531 1104 568 Pollionem
1136 529 1186 580 (ΙΙ
1218 530 1332 584 Arg.)

150 595 373 646 conjunctus
405 602 506 643 erat,
537 597 699 634 conlisus
731 603 801 635 est.

263 662 444 710 Frustra3
488 677 571 701 nam
601 664 790 709 veterani,
830 662 989 702 victoria
1018 663 1168 713 superbi
1200 668 1238 701 et
1268 677 1332 701 ne-

149 728 339 766 cessarios
381 743 470 767 suos
509 731 556 768 ad
596 730 774 767 infirmam
814 730 1089 768 triumvirorum
1126 730 1330 780 potentiam

149 793 440 834 confirmandam
478 811 562 834 esse
601 811 691 834 usus
729 798 912 842 scientes,
961 810 1029 834 nec
1060 796 1234 833 Caesaris
1265 796 1330 834 im-

148 862 274 912 peria,
330 877 450 913 neque
501 869 784 915 procuratorum
830 862 1129 900 adhortationem
1176 862 1331 901 reveriti

146 932 246 965 sunt.
305 929 463 967 Mantua
493 943 567 967 una
598 943 679 967 cum
709 930 816 967 Ande
847 930 1104 975 dividebatur,
1137 933 1174 966 et
1206 929 1331 981 virgi-

145 993 238 1041 lius,
280 995 380 1035 vitae
418 1010 492 1033 non
531 996 612 1034 sine
649 996 816 1048 periculo
847 1010 882 1034 v.
918 1001 991 1041 16,
1033 997 1192 1033 debebat
1221 995 1328 1034 aufu-

144 1074 251 1114 gere.
340 1063 494 1101 Factum
540 1064 610 1101 hoc
650 1076 752 1110 esse,
797 1062 997 1101 verisimile
1035 1067 1112 1109 est,
1158 1067 1327 1100 extremo

144 1141 234 1167 vere
275 1130 363 1167 anni
400 1130 613 1175 DCCXlV,
661 1130 901 1180 expeditione
939 1142 1007 1166 sua
1044 1130 1080 1166 in
1111 1128 1328 1166 inferiorem

142 1194 288 1233 ltaliam
334 1202 511 1248 suscepta
554 1211 663 1248 quum
702 1197 855 1234 Asinius
895 1197 1017 1233 Pollio
1056 1197 1207 1243 consul,
1251 1195 1327 1246 qui,

143 1262 228 1299 dum
258 1263 392 1302 bellum
422 1264 646 1302 Perusinum
677 1269 771 1309 erat,
803 1263 938 1301 circum
964 1264 1179 1301 Ravennam
1209 1275 1328 1314 prope

142 1329 317 1368 abfuerat
347 1331 384 1377 1,
428 1337 499 1378 11,
539 1345 637 1369 nunc
674 1333 774 1368 omni
806 1344 872 1368 cos
904 1331 1036 1368 turbae
1067 1330 1216 1381 rapacis
1246 1329 1327 1366 libi-

143 1396 220 1434 dini
251 1398 445 1449 objiceret.

253 1465 360 1502 Hanc
389 1465 483 1503 enim
514 1479 587 1503 non
619 1466 727 1502 nimis
758 1465 819 1502 diu
853 1464 1044 1515 Virgilius,
1075 1463 1122 1500 ad
1151 1475 1220 1500 sua
1249 1474 1327 1499 ser-

139 1530 263 1569 vanda
313 1531 549 1578 destinatam,
591 1533 762 1584 eclogam
806 1531 1024 1577 retinuerit3
1075 1535 1113 1567 et
1151 1529 1327 1579 scriptam

143 1610 245 1646 eam,
275 1611 407 1637 versus
439 1605 492 1638 60
523 1600 654 1644 docet,
686 1600 817 1636 diebus
849 1610 932 1634 esse
963 1596 1208 1649 longissimis.
1269 1597 1327 1632 Ex

140 1665 275 1702 exsilio
312 1679 407 1718 ergo
447 1666 606 1715 Syronis
637 1666 673 1702 in
706 1666 812 1710 villa,
853 1678 925 1714 quo
957 1677 1071 1714 prope
1104 1664 1258 1700 Romam
1290 1676 1324 1701 v.

140 1735 166 1770 4
197 1745 278 1770 cum
308 1734 386 1771 suis
416 1732 633 1785 aufugerat,
664 1733 710 1769 ad
740 1733 873 1769 Varum
905 1744 984 1768 eam
1017 1731 1116 1767 misit
1147 1731 1326 1782 legatum,

140 1799 297 1838 Caesari
334 1800 542 1839 Octaviano
582 1812 648 1850 per
685 1800 781 1836 hunc
818 1798 961 1849 praedii
998 1797 1057 1834 sui
1094 1797 1326 1835 commenda-

140 1870 246 1904 turus
272 1868 444 1904 salutem.

254 1935 425 1971 Iuventio
457 1939 578 1972 autem
610 1934 767 1984 simplex
800 1937 858 1970 est
888 1937 925 1970 et
955 1932 1104 1970 idonea.
1171 1929 1326 1974 Moeris,

139 2000 285 2040 villicus
314 2002 522 2047 Menalcae,
554 2014 626 2051 quo
659 2001 804 2038 nomine
834 2004 952 2037 semet
977 2000 1012 2036 iu
1038 1999 1166 2049 quinto
1191 1998 1328 2048 ecloga

139 2068 336 2121 Virgilius,
369 2070 498 2106 laudes
529 2082 637 2118 quum
669 2069 770 2105 canit
800 2068 889 2104 ‚iulii
916 2067 1105 2111 Caesaris,
1137 2065 1326 2116 designat,

140 2135 341 2173 haedorum
374 2150 442 2187 par
474 2150 569 2173 novo
602 2135 836 2186 possessori,
875 2135 936 2184 qui
966 2134 1179 2179 invaserat,
1221 2132 1327 2168 Man-

141 2206 242 2240 tuam
281 2201 418 2240 defert.
480 2202 688 2240 Familiaris
728 2216 774 2239 ex
816 2202 973 2253 regione
1014 2200 1161 2237 Andina
1198 2197 1328 2237 carmi-

144 2281 231 2307 num
272 2274 439 2315 amator,
485 2270 669 2321 Lycidas,
722 2270 865 2308 obviam
909 2268 951 2306 fit
989 2268 1024 2304 in
1064 2267 1211 2304 itincre.
1271 2265 1328 2302 De

1108 2328 1154 2360 ll
