1472 2620
142 209 202 249 32
473 200 677 238 ECLOGA
710 199 795 245 vu,
827 202 1006 238 29—32.

145 314 322 358 vidimus,
376 313 472 349 hanc
522 311 668 349 illamve
718 323 840 348 rerum
887 322 1037 348 suarum
1083 311 1332 349 conditionem

146 381 416 424 ementiuntur,
463 379 515 416 ita
553 378 705 416 fastidio
744 384 988 416 occurrentes
1027 377 1135 414 istius
1167 378 1336 416 similitu-

148 448 269 493 dinis,
324 459 420 497 quae
465 459 564 484 nunc
612 445 754 483 nostris
791 445 1000 482 hominibus
1042 445 1184 496 placet,
1225 458 1335 496 quum

148 527 236 551 suas
278 519 419 551 tantum
457 527 519 551 res
557 526 696 564 easque
727 519 947 564 praesentes
978 512 1119 550 dicunt.
1179 512 1235 549 Ab
1266 512 1335 550 hac

149 586 315 633 angusta
359 581 513 618 limitum
558 581 903 632 circumscriptione
943 580 1088 631 priscus
1125 579 1338 618 Simonides

149 648 369 687 dehortatus
397 654 475 687 est:

352 736 430 770 Non
454 740 547 769 arcta
571 736 672 769 Musa
696 735 850 769 terminis

352 793 453 825 Libat
478 798 607 825 tantum
635 792 848 835 praesentia;

353 849 420 880 Sed
447 854 569 881 cuncta
594 848 720 881 circum
745 848 970 881 obambulans

354 904 502 936 Fructus
527 904 622 945 legit.

155 986 336 1022 Pastores
374 984 573 1021 Theocriti
608 985 666 1030 ll,
716 990 739 1020 6
778 989 816 1021 et
856 988 902 1022 21
948 988 1088 1021 canunt
1119 981 1255 1020 alterni
1285 980 1338 1018 al·

153 1051 314 1102 loquium
346 1051 393 1089 ad
424 1051 689 1102 Polyphemum
721 1051 881 1088 irridens
913 1051 1067 1101 ejusque
1098 1062 1339 1100 responsun3

152 1119 215 1156 alii
253 1119 290 1156 iu
328 1120 495 1157 secunda
533 1125 570 1156 et
609 1119 721 1155 tertia
758 1119 893 1170 ecloga
930 1118 1088 1168 puellam
1119 1129 1340 1167 repraesen-

154 1191 235 1223 tant
279 1184 504 1231 veneficam,
557 1192 594 1222 et
641 1190 866 1230 aniatorem,
921 1185 981 1235 qui
1021 1185 1258 1222 comissatum
1297 1183 1339 1221 it.

154 1254 316 1299 Delia,
356 1253 497 1298 Diana,
536 1265 643 1303 quam
682 1252 913 1290 recentiores
955 1252 1037 1290 Deli
1076 1251 1342 1289 fabulabantur

154 1334 229 1358 una
273 1333 354 1358 cum
399 1320 573 1371 Apolline
620 1325 742 1357 natam
779 1333 884 1365 esse;
934 1319 1131 1371 Ortygiam
1171 1319 1341 1364 insulan,

155 1401 252 1438 quae
296 1394 429 1425 contra
466 1389 678 1438 Syracusas
717 1386 948 1437 posteriores
986 1387 1059 1424 sita
1098 1392 1200 1432 erat,
1246 1386 1344 1424 anti·

156 1456 309 1505 quiores
354 1455 387 1491 ei
433 1462 616 1504 tamquam
666 1455 821 1505 patriam
867 1455 993 1491 sedem
1038 1455 1344 1506 assignaverant.

158 1522 304 1560 Dianae
360 1527 561 1560 venatores
608 1522 769 1571 praedae
815 1535 907 1558 suae
951 1522 1153 1571 primitias,
1196 1529 1343 1569 caput,

159 1589 291 1640 pedeS‚
322 1601 503 1633 cornua,
534 1589 651 1626 silvae
681 1589 727 1626 ad
758 1589 928 1626 arborem
960 1587 1127 1640 deligere
1158 1588 1344 1627 solebant.

158 1655 376 1694 Hafniensis
408 1656 452 1693 B
481 1659 609 1703 capri
642 1669 707 1706 pro
738 1659 841 1705 apri
872 1656 1042 1700 exhibet,
1088 1656 1187 1705 quod
1219 1669 1345 1693 exem·

159 1724 256 1774 plum
286 1722 471 1768 lectionis,
503 1736 525 1760 a
548 1723 682 1761 Servio
714 1735 860 1773 quoque
891 1729 1228 1767 commemoratum,
1259 1722 1346 1761 inde

159 1796 280 1828 ortum
313 1796 382 1836 est,
415 1790 512 1840 quod
545 1795 671 1833 erant,
704 1790 764 1840 qui
795 1787 876 1827 hoc
906 1790 1124 1840 productum
1155 1789 1292 1841 duplici
1321 1802 1346 1827 c

157 1858 390 1895 scribendum
438 1871 521 1894 esse
563 1862 773 1894 censerent.
851 1857 908 1894 De
948 1861 1185 1895 vivacitate
1226 1861 1346 1895 cerm*

159 1924 346 1962 Hesiodus
393 1923 580 1962 fabulatus
628 1930 705 1962 est:
768 1925 908 1962 Novem
949 1925 1137 1963 aetatibus
1177 1924 1345 1962 humanis

159 1991 344 2029 cornicem
390 2004 474 2028 esse
513 1992 772 2041 superstitem,
818 1999 980 2042 quatuor
1010 1991 1222 2030 cornicibus
1250 2004 1343 2029 cer-

157 2072 268 2103 vum,
299 2059 420 2096 tribus
449 2058 570 2096 cervis
601 2072 764 2104 corvum,
797 2073 927 2097 novem
958 2060 1082 2097 corvis
1112 2059 1342 2109 phoenicem,

159 2126 285 2163 decem
324 2125 565 2175 phoenicibus
604 2125 851 2176 Nympharum
888 2139 1023 2179 genus.
1084 2125 1228 2166 Quodsi
1268 2132 1342 2161 tam

160 2192 279 2229 honus
318 2197 474 2230 eventus
506 2196 722 2242 proprius
753 2194 786 2230 ci
819 2193 842 2231 i.
875 2207 906 2231 e.
937 2191 1186 2242 sempiternus
1216 2204 1343 2229 comes

158 2259 267 2296 datus
305 2258 396 2303 erit3
445 2265 519 2296 tum
559 2264 598 2296 tu
639 2267 734 2297 tota
771 2259 872 2311 (nam
905 2260 1023 2310 clypei
1055 2272 1204 2309 quoque
1235 2264 1343 2296 erant

155 2325 377 2376 imaginum)
415 2339 436 2362 e
473 2339 655 2363 marmore
686 2327 819 2364 rubro
848 2324 1060 2364 cothurno
1092 2327 1156 2364 ad
1181 2339 1342 2364 venan-
