1472 2620
407 134 605 173 ECLoGA
638 134 696 171 w.
758 139 945 174 18—22.
1192 143 1248 182 19

85 245 323 297 colloquium,
367 245 511 296 priscae
545 244 748 295 sapientiae
784 246 950 296 plenum,
998 246 1112 293 idem,
1161 248 1247 285 Pin-

85 313 175 352 daro
217 319 369 351 auctore
413 310 638 362 Arz'stoplt.
683 313 791 350 Aah.
832 318 930 361 ¹223,
983 327 1061 351 cum
1098 315 1247 368 Phryge

85 380 258 431 Olympo,
297 380 431 418 musico
470 392 489 417 e
527 379 719 430 disciplina
748 380 919 430 Marsyae
951 382 1093 431 Satyri,
1132 396 1247 433 quon-

85 447 165 484 dam
196 447 365 484 instituit.
428 446 598 484 Firmitas
629 447 764 485 vinculi
795 461 839 485 ea
868 448 903 484 in
937 462 975 485 re
1004 462 1076 485 non
1102 456 1247 501 reputa-

84 514 209 560 batur,
255 527 361 564 quum
392 514 557 559 Silenus,
603 514 655 550 uti
687 514 763 559 bic,
806 515 857 551 ita
887 515 921 551 in
954 515 1073 553 Ovidii
1105 531 1247 568 quoque

83 581 189 619 Met.
230 581 302 628 Xl,
334 587 398 621 91.
438 595 460 619 a
489 581 699 633 Phrygibus
729 581 878 619 rusticis
907 586 1081 620 coronis
1112 585 1247 622 vincia-

84 652 168 695 tur,
198 648 343 686 Amoris
374 649 489 686 instar
518 649 611 699 apud
643 649 933 686 Anacreontem:

349 714 454 747 Sertis
479 715 600 747 Amore
625 713 755 755 vincto,

348 770 505 803 Vinctum
531 770 654 803 dedere
677 770 816 810 Musae,

348 826 507 860 servaret
532 831 566 859 nt
589 827 768 859 venustas.

83 882 214 920 Ambo
253 887 291 920 et
329 885 411 920 (luo
450 888 611 927 veteres,
649 884 694 920 ad
731 883 968 920 imitationem
1007 884 1247 930 Graecorum,

84 949 193 989 etiam
230 954 361 1000 quarto
391 963 478 987 casu
510 949 690 987 dicebant.
749 948 860 987 Hafn.
894 950 931 988 C
956 965 1014 988 ex
1043 955 1155 1000 ipsis
1186 953 1248 990 ba-

84 1016 146 1055 bet
173 1017 360 1056 crebriore
388 1030 456 1054 usu
487 1017 619 1054 tritius.
679 1017 792 1068 Najas
820 1016 985 1068 Aegle,
1020 1018 1097 1057 sive
1128 1020 1247 1070 splen-

84 1084 172 1132 dor,
203 1085 312 1124 vicini
342 1083 455 1122 fontis
486 1085 641 1135 nympha
671 1089 728 1121 est
757 1085 809 1130 ll,
841 1090 912 1131 463
944 1086 1071 1123 eodem
1103 1087 1248 1124 nomine

83 1165 156 1190 una
185 1165 231 1190 ex
262 1152 524 1204 Hesperidibus
555 1166 587 1190 v.
620 1156 692 1198 61,
724 1158 760 1189 et
791 1166 838 1190 ex
870 1153 1082 1190 Heliadibus
1113 1168 1147 1192 v.
1182 1159 1246 1193 (52.

84 1219 285 1258 dicebatur.
359 1220 557 1257 Petulante
607 1219 774 1256 nimirum
823 1219 941 1257 animo
985 1221 1083 1258 senis
1120 1220 1250 1258 taciem

85 1286 201 1338 pugni
230 1291 337 1337 captu
367 1299 580 1322 mororum
610 1286 751 1331 oblinit,
782 1293 822 1322 ut
852 1287 896 1323 ad
927 1286 1147 1325 bilaritatem
1171 1301 1250 1324 eum

86 1353 243 1391 excitet:
283 1353 335 1390 ita
372 1352 408 1389 id
439 1352 516 1402 ipse
554 1352 720 1397 Silenus,
760 1353 805 1389 ad
837 1353 1014 1390 Venerem
1046 1367 1116 1389 non
1148 1355 1250 1391 indo-

86 1424 186 1465 ctus,
217 1418 292 1456 risu
321 1431 389 1456 suo
420 1423 457 1456 et
486 1418 667 1469 praemio,
699 1420 795 1469 quod
825 1420 996 1466 minatur,
1028 1420 1250 1471 interpreta-

86 1490 145 1524 tus
182 1491 251 1524 est.
310 1486 494 1523 Honorem
530 1485 683 1537 aliquem
722 1486 831 1523 alicui
870 1487 937 1524 bac
967 1487 1117 1526 levitate
1150 1489 1250 1525 habi-

85 1557 161 1592 tum
197 1567 299 1600 esse,
335 1554 475 1591 austeri
513 1558 652 1591 tantum
684 1554 826 1604 opinari
857 1559 1030 1605 poterant
1061 1557 1248 1593 Gramma-

86 1621 162 1667 tici,
194 1622 253 1672 qui
284 1635 357 1658 non
389 1620 528 1659 frustra
557 1621 728 1659 didicisse
758 1622 904 1668 vellent,
936 1622 1025 1659 deos
1056 1627 1095 1659 et
1126 1623 1249 1660 trium-

87 1688 242 1740 phantes
272 1688 394 1740 prius,
426 1694 554 1739 postea
584 1689 696 1735 deos,
726 1689 787 1739 qui
818 1689 920 1740 agris
951 1695 1158 1739 praeerant,
1189 1703 1248 1726 ru-

88 1756 153 1793 bro
184 1756 318 1794 tinctos
348 1755 463 1794 fuisse
492 1755 548 1803 X,
581 1761 645 1803 27,
677 1762 713 1793 et
743 1756 963 1793 Pausaniam
978 1756 1013 1806 ¹³)
1046 1756 1089 1793 de
1119 1756 1250 1795 incolis

90 1823 287 1861 insularum
334 1824 546 1873 Satyridum
591 1829 770 1873 tamquam
819 1824 863 1859 ‹le
908 1822 1026 1859 rubris
1070 1823 1250 1862 semiferis

89 1890 241 1928 dixisse.
299 1889 481 1926 Nicander
505 1887 654 1941 (fragm.
672 1905 704 1940 p.
719 1890 969 1929 252.N.vm.
985 1890 1041 1927 ed.
1059 1892 1248 1944 Sclmeid.)

90 1955 245 1995 Athen.
280 1958 332 2002 ll,
368 1963 429 1995 11.
462 1970 597 1993 morum
629 1957 723 1994 inter
753 1957 867 2007 prima
897 1963 1127 1995 auctumnum
1159 1973 1249 1996 nun-

91 2024 195 2070 tiare,
226 2027 264 2061 et
293 2024 493 2061 Columella
524 2025 570 2069 Χ,
601 2029 692 2064 401.
719 2038 899 2061 mororum
917 2025 1122 2076 sanguineo
1140 2040 1248 2063 succo

93 2097 176 2143 post
215 2096 333 2128 ortum
364 2092 560 2128 Caniculae
591 2093 778 2130 candidam
810 2092 986 2129 fiscellam
1020 2106 1167 2130 manare
1198 2094 1249 2130 di-

94 2159 154 2196 cit.
213 2158 349 2196 Eodem
379 2163 542 2209 tempore
572 2160 748 2197 saltatrici
782 2159 924 2212 Virgilii
955 2174 986 2198 v.
1020 2165 1092 2197 21:

190 2269 224 2310 ⁶)
250 2270 348 2301 l'aus.
374 2269 408 2310 l,
434 2269 494 2309 2³,
527 2270 558 2300 7.
607 2270 691 2302 Plin.
717 2270 748 2301 h.
776 2281 806 2300 n.
834 2270 913 2308 Vll,
940 2268 970 2302 2.
997 2268 1108 2336 ibique
1132 2270 1248 2303 Daleo.

1050 2320 1070 2341 o

1052 2342 1069 2353 ὁ
