1515 2620
426 152 629 192 ECLOGA
658 151 708 197 X,
739 154 916 190 44—49.
1169 154 1254 192 217

67 269 221 321 juncto,
267 279 475 318 supremum
512 265 607 302 diem
645 264 727 303 seui
764 264 964 315 obrepere3
1012 272 1120 311 quum
1157 270 1256 295 nune

51 334 325 392 'sollicitudine
354 347 427 387 ego
458 334 505 371 ob
535 339 573 370 te
602 333 773 371 amissam
802 332 995 370 immatura
1023 335 1142 367 morte
1159 329 1256 368 abri-

75 403 169 454 piar.
220 403 377 440 Sensum
408 402 490 447 hoc,
522 401 764 438 contentione
794 399 895 438 facta
925 400 1068 437 animos
1098 412 1255 437 commo-

75 483 186 517 venS,
223 468 415 520 Penelope
451 482 575 507 coram
606 469 769 521 conjuge
799 482 866 506 suo
896 467 1092 519 profitetur
1122 467 1256 517 Odyss.

76 538 216 583 XXIII,
248 542 344 576 210:

211 633 254 638 —
300 632 343 638 —
390 632 434 638 —
479 614 645 646 nodorum
670 615 715 645 Di
738 615 828 646 mala
850 614 955 655 uobis,

213 671 363 704 Invidere
386 672 473 704 domi
494 670 587 703 nobis
611 671 665 712 qui
686 679 746 701 uos
769 671 925 711 residere,

214 727 390 761 Pubermte
412 728 492 770 frui,
518 727 647 758 {audem
667 731 803 768 yzcstare
825 732 999 760 senectam.

78 808 263 855 Aevum,
304 807 404 846 vitae
433 806 611 858 spatium,
642 820 664 844 a
693 807 886 844 cunabulis
914 820 1032 859 usque
1062 807 1109 845 ad
1137 807 1259 858 sepul-

79 877 218 922 chrum,
249 875 438 913 naturales
468 875 567 912 vitae
596 875 742 912 termini
773 875 843 912 Lb.
876 876 937 921 III,
969 880 1035 915 66.
1066 875 1133 921 IV,
1166 880 1259 914 206.

80 944 208 987 Quare
238 947 404 994 optatum
434 942 514 992 ejus
545 942 590 979 ad
620 943 769 980 verbum
801 948 878 987 est,
905 948 946 980 ut
975 947 1080 982 anm·
1110 947 1151 981 ei
1182 955 1259 991 ap-

75 1014 206 1061 pensi
235 1023 319 1048 sua
348 1017 501 1060 sponte
529 1009 706 1060 paulatim
737 1023 818 1047 eum
849 1010 1063 1049 conficiant.
1102 1013 1158 1049 Ita
1182 1012 1261 1063 jam

80 1078 296 1119 Ascensius.

193 1150 374 1186 44—49.
434 1145 576 1182 Vanum
606 1150 784 1197 optatum,
815 1147 1050 1197 tranquillum
1081 1147 1263 1185 Arcadem

81 1215 200 1254 fuisse
229 1214 349 1261 malle,
380 1216 419 1250 et
442 1226 523 1251 cum
540 1213 677 1251 tenella
692 1213 816 1265 aliqua
836 1214 1017 1265 Phyllide,
1048 1221 1113 1253 aut
1129 1221 1262 1261 tecum,

83 1296 165 1322 mea
193 1281 347 1333 Lycori,
375 1281 476 1320 vitae
506 1281 700 1319 terminum
729 1287 968 1332 assequutum
986 1284 1088 1321 esse!
1121 1285 1265 1321 Contra

83 1364 183 1391 nunc
212 1350 258 1389 ab
288 1349 424 1388 amoris
454 1362 527 1402 ego
557 1349 723 1395 insania,
760 1350 889 1387 mediis
919 1350 955 1387 in
987 1351 1072 1389 belli
1102 1350 1265 1388 tumulti-

84 1420 166 1467 bus,
197 1417 366 1465 auferor3
398 1422 511 1468 tuque
541 1430 597 1455 me
626 1416 743 1468 fugis,
772 1418 831 1456 vel
854 1423 959 1455 trans
974 1419 1089 1469 Alpes
1104 1419 1265 1455 Boreum

84 1488 131 1526 ad
163 1486 330 1524 Rhenum
359 1498 489 1536 usque,
520 1498 542 1522 o
572 1484 743 1531 erudelis,
771 1490 1022 1524 verumtamen
1052 1487 1266 1523 amata!—

86 1555 162 1599 Qui
191 1553 308 1592 totius
337 1551 674 1599 continuationem,
705 1566 780 1590 non
810 1553 1000 1604 proximas
1029 1558 1172 1591 tantum
1202 1567 1265 1605 pe-

84 1623 225 1670 riodos,
255 1620 434 1672 respexit,
466 1620 528 1657 vix
558 1633 640 1658 eum
670 1620 874 1671 praeterire
906 1626 1072 1671 poterat,
1105 1622 1264 1668 Gallum,

86 1690 149 1742 qui
178 1703 214 1730 v.
247 1691 298 1728 35
330 1693 460 1739 pastor
490 1687 692 1725 Arcadicus
721 1687 837 1725 fuisse
867 1689 1024 1735 mavult,
1056 1703 1128 1727 non
1160 1690 1266 1740 quasi

87 1761 278 1811 pastorem
313 1769 402 1794 vere
431 1755 669 1801 Arcadicum,
707 1756 774 1793 sed
813 1756 1010 1808 improprie
1047 1763 1187 1796 tantum
1224 1758 1267 1796 in

90 1825 251 1864 Arcadia
279 1824 512 1868 collocatum,
542 1823 686 1860 adesse.
746 1824 857 1860 Falso
890 1825 1074 1875 opinatus,
1105 1826 1268 1877 pastoris

90 1906 174 1932 eum
202 1892 367 1930 induisse
395 1891 567 1942 speciem,
597 1890 750 1929 Servius
780 1905 812 1929 v.
840 1897 891 1931 44
921 1907 985 1931 me
1000 1908 1066 1945 per
1079 1899 1269 1934 animvm

90 1974 227 2000 meum
255 1959 542 2011 interpretatur:
582 1963 709 2009 pectus
751 1973 866 1997 meum
899 1961 1058 2011 Lycorin
1089 1963 1269 2013 sequitur,

91 2029 150 2069 vel
187 2028 234 2067 ad
270 2032 393 2065 castra
430 2026 578 2073 bellic-15
616 2032 653 2064 et
683 2028 920 2065 chmannus
958 2030 1171 2081 corrigebat
1201 2038 1268 2069 le.-

92 2101 153 2143 te,
190 2095 348 2146 Lycori,
386 2108 488 2133 amor
517 2094 669 2131 insanus
699 2100 922 2141 commovet,
962 2102 1002 2133 ut
1031 2097 1182 2135 rivalem
1212 2098 1269 2137 vel

95 2165 142 2202 ad
178 2163 311 2202 bellum
350 2162 548 2200 comiteris.
587 2184 639 2190 —
677 2163 816 2201 Bellica
846 2163 944 2200 Galli
974 2164 1148 2216 neg-otia,
1187 2166 1270 2203 dum

97 2231 243 2271 Gallica
286 2230 474 2282 expeditio
519 2244 621 2267 suam
666 2231 700 2268 ei
746 2230 908 2282 Lycorin
955 2232 1179 2279 abstulerat,
1223 2246 1271 2271 ne

97 2299 323 2339 buaerantur
351 2298 456 2344 alibi,
488 2311 592 2349 quam
624 2298 660 2336 in
693 2299 817 2344 Italia3
854 2300 1025 2350 quoniam
1055 2301 1273 2354 peregrina-
