1515 2620
434 144 635 183 ECLOGA
666 144 714 190 X,
746 148 924 183 64—69.
1044 142 1047 145 ⁴
1176 150 1260 189 22⁷

81 271 161 297 cum
192 258 458 296 immortalibus
489 259 640 304 saltant,
672 257 898 295 aMercurio
930 261 966 294 et
983 255 1120 294 Silenis
1135 269 1260 293 aman-

80 331 153 373 tur,
185 330 223 364 et
252 326 427 377 aequales
457 326 599 364 abietes
630 331 668 363 et
697 338 853 375 quercus
884 324 976 362 lucis
1000 323 1138 362 illaesis
1155 329 1261 362 tuen·

80 396 161 431 tur:
193 397 356 431 attamen
388 393 627 432 Grammatici
658 392 693 428 in
725 392 972 442 Apollonium,
1004 392 1040 428 in
1072 391 1261 441 Etymolo-

81 461 170 514 gico
201 465 239 498 et
269 460 304 498 in
336 461 549 506 Plutarcho,
581 460 859 510 Hamadryades
890 459 1183 510 interpretaturi,
1215 459 1262 496 ad

81 528 284 566 Pindarum
319 529 467 565 tandem
507 532 730 578 provocant,
783 527 983 572 dicentem,
1034 530 1263 565 terminum

81 596 128 633 iis
167 598 264 634 aevi
303 596 483 634 arbores
529 598 765 646 aequanti-s·
802 595 924 631 datum
963 607 1065 641 esse,
1110 595 1184 646 ita,
1221 600 1263 632 ut

79 667 193 715 poe’ta
212 663 407 714 Orphicus,
439 664 475 700 in
505 664 638 713 hymno
670 663 707 700 in
737 662 923 712 Nymphas
942 662 969 706 Ι,
1003 667 1051 699 13
1081 663 1262 711 puellas

26 781 29 783 μ
82 731 426 782 Hamadryades
456 731 646 775 invocans,
679 731 746 766 hac
776 729 857 780 ipsa
875 729 1110 766 invocatione
1128 730 1262 781 juven-

82 803 198 837 tutem
230 812 334 836 suam
365 798 581 849 prodiderit.
635 798 876 842 Caua-edite,
908 810 987 834 cum
1019 797 1262 842 vehementia,

83 867 129 905 de
157 866 219 906 via
250 866 440 904 decedite!
472 879 551 916 pro,
582 879 649 904 vos
680 879 753 917 ego
785 865 964 901 deseram.

195 937 374 973 64—69.
435 934 547 970 Istum
578 933 761 970 crudelem
795 932 883 969 nulli
914 944 1081 982 umquam
1113 931 1263 968 dolores

81 1000 300 1052 placabunt,
343 1000 487 1038 etiamsi
522 1000 697 1037 hibernae
733 999 870 1051 glaciei
909 999 1066 1036 extremi
1104 1000 1264 1045 Boreae,

83 1068 200 1107 calori
238 1067 382 1106 aestivo
417 1068 535 1105 ultimi
573 1067 739 1104 meridiei
777 1080 834 1104 me
880 1067 1063 1117 objiciam.
1124 1068 1262 1112 Quare,

83 1149 170 1189 age,
194 1135 458 1186 omnipotentis
474 1148 607 1172 numen
626 1135 754 1172 sedate
772 1134 950 1172 feramus!
983 1157 1034 1162 -
1066 1134 1264 1172 Labores

82 1208 171 1242 sunt
208 1202 469 1241 contentiones
506 1203 600 1240 istae
630 1208 852 1253 postremum
884 1203 1056 1239 decretae
1087 1202 1196 1239 animi
1227 1207 1265 1239 et

82 1270 270 1323 corporis,
301 1270 433 1322 quibus
464 1275 608 1308 amator
637 1275 779 1307 remoto
811 1270 933 1320 aliquo
965 1270 998 1306 in
1031 1270 1170 1322 angulo
1189 1275 1263 1306 ter-

82 1352 149 1377 rae
192 1339 354 1376 carmine
384 1338 528 1375 sublimi
559 1343 596 1374 et
626 1338 824 1376 venatione
855 1339 1007 1374 hiherna
1039 1337 1167 1374 infelix
1200 1337 1262 1374 de-

83 1406 260 1445 siderium
290 1418 338 1444 ex
369 1405 491 1444 animo
522 1418 748 1443 excussurus
779 1411 872 1443 erat.
916 1405 1022 1446 Quae
1053 1404 1261 1441 contentio-

83 1487 163 1520 nes,
194 1479 336 1512 tantum
367 1472 485 1519 abest,
516 1478 558 1509 ut
586 1473 742 1523 prosint,
775 1479 815 1509 ut
845 1485 890 1509 ne
920 1471 1099 1522 patientia
1117 1471 1262 1521 quidem

82 1541 221 1596 glaciei
237 1540 427 1578 Thraciae
457 1544 496 1577 et
525 1539 679 1577 aestatis
695 1539 938 1590 Aethiopicae
969 1539 1146 1590 prodesse
1178 1551 1262 1589 pos-

82 1609 144 1648 sit.
203 1608 342 1647 Similis
372 1612 430 1646 est
458 1607 564 1644 locus
594 1606 791 1644 Theocriti
823 1607 910 1652 ΠΙ,
945 1612 1043 1651 111,
1075 1606 1135 1656 qui
1167 1606 1263 1644 Pani

86 1677 266 1716 minatur:

218 1767 296 1799 Sive
310 1764 405 1808 juyn's
428 1764 534 1796 lateas
559 1763 683 1795 Edonis
708 1768 848 1805 tempore
872 1762 1004 1795 brumae

218 1821 323 1855 Hebri
345 1825 480 1863 propter
502 1831 633 1863 aquam,
656 1824 775 1861 septem
800 1821 927 1861 rcyc'om‘
952 1820 1125 1860 'I'riouum3

219 1879 296 1911 Sive
319 1877 408 1919 apud
432 1875 602 1917 Aethiopes
624 1886 759 1917 pascas,
785 1880 922 1917 aestate,
946 1880 1108 1918 perustos,

220 1934 289 1967 Sub
313 1944 399 1965 samo
422 1933 603 1975 Blcmyum,
628 1932 728 1964 Nilus
750 1942 813 1964 non
835 1933 918 1964 uude
940 1932 1077 1965 videtur.

86 2015 126 2053 ln
171 2018 282 2054 ovata
332 2013 455 2050 tabula
492 2012 748 2050 Eratosthenis
792 2025 901 2050 arcus
947 2012 1117 2063 superior
1162 2012 1258 2049 inter

86 2081 372 2134 septemtriones
403 2080 605 2118 occidentis
635 2081 724 2116 solis
754 2085 791 2116 ct
820 2080 1104 2130 septemtriones
1135 2079 1255 2116 orien-

88 2152 136 2188 tis
175 2149 267 2187 solis
302 2146 489 2200 Scythia
531 2148 709 2205 appellari
749 2148 911 2192 solebat3
962 2160 1074 2197 saepe
1111 2160 1256 2197 qnoque

88 2217 235 2256 nomine
270 2216 460 2254 dicebatur
503 2215 749 2266 antiquiorum
798 2215 1001 2252 tabularum
1049 2212 1252 2260 Thracia,

85 2298 180 2338 quae
224 2289 325 2323 terra
368 2284 436 2321 hac
483 2287 666 2334 potestate
716 2282 937 2333 amplissima
982 2281 1254 2332 Hyperboreos,

1005 2344 1050 2377 15
1071 2340 1087 2358 ⁰
