1472 2620
428 155 628 193 ECLOGA
660 155 718 200 vl,
750 159 943 195 72—73.
1207 163 1269 203 49

111 266 303 317 Grynem
335 279 424 316 quas
447 266 575 304 Gallus
599 279 644 302 ex
666 267 880 305 chiliadibus
899 267 1143 318 Euphorionis
1161 269 1268 306 Chal-

105 333 231 378 cidici,
262 340 302 370 ut
331 334 444 372 libere
475 346 538 370 eas
567 334 613 370 ad
643 333 802 371 colorem
832 335 1020 385 quemdam
1046 334 1266 373 Hesiodeum

108 399 372 447 conformaret,
412 400 545 452 elegit,
575 400 728 438 Servius
759 402 822 439 has
853 402 1013 439 tradidit.
1075 402 1266 454 Grynum,

104 466 202 505 filius
229 468 405 518 Eurypyli
433 467 561 518 Mysii,
592 480 696 518 quem
719 468 929 519 Telephus,
961 469 1129 506 Herculis
1157 469 1266 517 filius,

105 541 300 586 genuerat,
326 541 456 572 contra
474 535 598 572 hostes
614 535 847 586 Pergamum,
872 549 998 587 regem
1017 536 1130 586 Epiri,
1155 536 1266 574 filium

107 601 357 652 Neoptolemi,
407 615 453 640 ex
483 602 653 639 Hectoris
692 603 841 639 muliere
879 603 985 640 vidua
1014 603 1268 643 Andromache

106 668 261 714 editum,
308 669 517 714 advocavit,
565 675 602 706 et
638 669 672 706 in
711 669 919 706 memoriam
961 669 1140 707 victoriae
1177 672 1268 710 duas

106 735 214 773 urbes
244 736 426 781 condidit,
457 749 605 786 quarum
637 736 786 774 alteram
817 737 1058 788 Pergamum,
1090 738 1266 787 Grynum,

106 815 153 838 ex
185 803 364 853 Apollinis
395 816 594 854 responso,
638 803 788 841 alteram
825 804 1042 854 appellabat.
1100 805 1140 841 lu
1170 805 1266 852 luco,

105 882 208 919 quem
240 870 318 919 ejus
348 869 424 907 filia
453 871 613 920 Apollini
643 876 879 916 conseverat,
917 871 1072 909 Calchas
1101 872 1266 910 Homeri-

105 947 169 972 cus
198 935 313 972 fatum
344 937 556 986 complevit,
601 950 671 986 quo
702 938 734 974 ei
766 938 986 974 inorieudum
1018 944 1118 985 erat,
1160 952 1267 990 quum

105 1001 256 1054 primum
296 1003 331 1040 in
371 1003 609 1042 valentiorem
647 1004 922 1042 vaticinatorem
960 1005 1160 1044 incidisset.
1227 1007 1267 1044 ld

105 1075 230 1117 erant,
261 1070 322 1120 qui
352 1070 402 1108 ita
433 1077 636 1109 narrarent.
697 1072 845 1109 Vicinus
870 1085 991 1123 augur
1016 1074 1265 1121 Calchantem,

105 1136 187 1187 qui,
224 1138 320 1187 quod
350 1138 512 1184 videtur,
543 1139 691 1176 oraculo
722 1138 898 1190 praefuit,
929 1139 1022 1177 vites
1053 1140 1087 1176 iu
1120 1153 1267 1179 nemore

106 1209 286 1242 serentem
308 1205 549 1256 conspiciens,
580 1206 700 1244 vinum
722 1220 800 1243 eum
826 1220 895 1242 non
917 1213 1148 1257 gustaturum
1171 1221 1265 1254 esse,

104 1271 301 1321 praedixit.
356 1273 456 1309 Vites
481 1273 694 1309 crescebant
714 1273 964 1323 vindemiaque
989 1273 1112 1312 fiebat.
1162 1276 1267 1313 Nunc

106 1338 262 1375 Calchas
292 1351 364 1375 una
404 1352 481 1376 cum
519 1339 600 1376 aliis
630 1353 805 1391 augurem
846 1341 891 1377 ad
929 1354 1077 1378 coenam
1107 1343 1264 1388 vocavit,

106 1411 163 1450 et,
206 1418 314 1454 quum
344 1405 414 1441 diis
444 1406 478 1441 in
508 1405 627 1443 focum
658 1407 772 1443 libare
802 1408 928 1451 vellet,
975 1421 1014 1444 se
1047 1421 1116 1444 non
1148 1409 1263 1445 solum

105 1477 274 1523 potorum
306 1484 389 1509 esse
419 1472 530 1518 dixit,
579 1473 642 1510 sed
673 1474 780 1511 etiam
812 1473 880 1510 diis
911 1474 1077 1510 daturum
1110 1480 1147 1512 et
1175 1489 1262 1512 con-

106 1538 211 1578 vivis.
275 1539 429 1584 Eadem,
473 1552 566 1590 quae
595 1545 699 1586 ante,
744 1540 777 1577 ei
806 1554 927 1593 augur
964 1542 1171 1592 respondit3
1217 1542 1263 1580 ad

104 1606 221 1657 quod,
258 1606 428 1644 deridens
457 1620 556 1653 eum,
588 1608 742 1645 Calchas
772 1608 863 1645 adeo
895 1607 1014 1645 ridere
1045 1609 1185 1659 coepit,
1223 1614 1263 1646 ut

104 1679 274 1724 repente,
322 1673 520 1712 intercluso
558 1675 706 1726 spiritu,
751 1675 914 1725 poculum
953 1675 1138 1725 abjiceret.
1205 1677 1262 1714 Ex

107 1741 223 1779 altera
242 1740 364 1779 fabula
385 1754 463 1779 curn
481 1742 623 1793 Mopso,
656 1756 725 1778 non
749 1742 808 1779 illo
826 1742 1121 1793 Argonautarum
1144 1755 1261 1791 augu-

107 1820 166 1852 re,
197 1808 261 1845 sed
282 1806 356 1845 lilio
378 1809 574 1859 Apollinis,
606 1815 668 1846 aut
688 1809 813 1845 Rhacii
844 1822 888 1845 ex
914 1809 1059 1854 Manto,
1091 1809 1262 1847 Thebani

107 1874 281 1911 Tiresiae
310 1873 402 1916 lilia,
433 1876 588 1912 Calchas
617 1876 793 1912 certabat.
844 1876 1167 1921 Periclitalnantur,
1198 1890 1259 1927 po-

107 1954 244 1978 morum
283 1953 485 1985 numerum,
536 1954 627 1991 (suane
668 1942 700 1978 io
744 1943 874 1979 arbore
912 1949 1053 1989 essent,
1103 1944 1259 1981 edicere.

109 2007 263 2045 Calchas
294 2008 408 2044 victus
439 2014 511 2052 est,
557 2015 593 2046 et
623 2009 851 2060 aegritudine
883 2009 1000 2059 periit.
1062 2010 1150 2046 lllud
1183 2024 1261 2048 ccr-

109 2079 227 2113 tumen
260 2074 421 2124 plerique
452 2075 568 2120 Clari,
608 2076 695 2113 urbe
726 2077 971 2126 Colophonio,
1010 2090 1102 2126 quae
1133 2091 1260 2115 oracu-

109 2142 180 2178 lum
204 2142 383 2192 Apollinis
412 2156 433 2179 a
462 2143 588 2179 Manto
619 2143 819 2180 institutum
851 2144 989 2187 habuit,
1021 2144 1080 2180 alii
1112 2144 1145 2180 in
1172 2145 1259 2183 Cili-

109 2209 168 2246 cia
196 2209 433 2246 collocabant.
493 2210 590 2245 lour
620 2210 684 2245 hos
714 2210 854 2258 quidem
885 2210 1099 2259 Sophoclem
1125 2211 1258 2247 strabo

110 2275 207 2314 xiv.
246 2291 281 2327 p.
313 2281 410 2322 642,
441 2276 535 2314 inter
564 2278 645 2314 illos
675 2276 871 2315 Hesiodum
898 2276 1023 2323 habet,
1061 2278 1164 2329 cujus
1193 2278 1259 2315 hos

1064 2339 1087 2371 4
