1472 2620
197 118 257 158 53
483 110 685 148 ECLoGA
715 110 783 156 vi,
823 112 1013 148 62-63.

198 229 271 262 tem
304 222 470 261 Tzetzes
507 226 628 259 tamen
666 218 766 258 chil.
805 221 873 266 lV,
915 225 1006 259 137.
1037 220 1146 258 alium
1177 222 1366 272 quemdam

199 304 282 329 esse
312 289 517 335 existimat3
548 288 715 340 aurigam
747 293 867 326 autem
898 288 989 324 solis
1019 287 1206 338 delapsum
1237 296 1273 326 et
1294 289 1367 326 He-

199 357 314 395 liades
351 356 524 407 opinatur
561 354 645 406 (sed
683 355 796 394 multa
839 355 870 392 is
902 361 938 393 et
967 355 1041 392 alia
1070 354 1162 392 mira
1192 355 1364 407 opinans)

199 425 322 462 Solem
360 436 440 462 cum
478 424 614 469 Prote,
658 423 764 462 Nelei
807 422 901 468 filia,
947 423 1118 460 edidisse.
1194 423 1366 460 Tertium

200 491 354 542 aliquem
391 491 677 537 Phaethontem,
715 504 819 542 quem
859 491 1010 528 Pindari
1049 490 1273 528 scholiastae
1311 490 1366 528 01.

200 558 285 605 Vll,
330 564 422 598 131.
456 559 636 596 minimum
668 563 755 596 natu
786 559 931 604 dicunt,
970 558 1119 596 Homeri
1149 558 1370 596 scholiastes

200 631 320 664 autem
357 627 489 677 Odyss.
527 626 651 672 Xl'll,
692 631 783 664 208.
823 628 939 677 ipsum
971 626 1070 663 illum
1100 626 1255 663 nobilem
1287 639 1370 663 esse

200 694 334 740 tradit,
374 694 525 731 Rhodus
562 695 619 732 vel
658 694 789 731 Rhode
828 693 984 745 nympha
1015 707 1062 731 ex
1094 694 1182 731 Sole
1213 693 1369 745 peperit,

200 761 255 799 Ab
293 762 348 798 his
385 762 553 798 Aurorae
591 761 739 798 soboles
778 759 918 812 (filius,
956 767 1053 799 teste
1092 761 1254 798 Hesiodo
1293 761 1369 797 Th.

202 832 294 875 986,
326 842 372 867 ex
403 829 550 866 Aurora
579 833 616 866 et
647 829 809 879 Cephalo
839 828 991 880 genitus
1022 834 1059 866 et
1085 829 1238 866 Veneris
1269 828 1371 866 aedi-

201 895 309 933 timus
338 894 479 942 factus3
523 896 752 942 eorumdem,
798 896 1025 946 Apollodoro
1059 902 1154 934 teste
1186 897 1256 941 ΙΙΙ,
1306 903 1370 941 14,

203 968 248 1008 3,
293 976 427 1013 nepos,
473 970 578 1014 patre
616 964 803 1014 Tithono)
845 977 916 999 non
959 963 1078 1000 minus
1117 964 1263 1001 diversa
1300 970 1369 1008 est,

200 1042 306 1081 quam
337 1030 542 1077 Phaethon,
573 1031 740 1068 Aurorae
772 1043 887 1080 equus
908 1031 1053 1082 jugalis
1075 1031 1207 1080 Odyss.
1227 1031 1369 1078 ΧΧΙΙΙ,

202 1102 296 1136 246.
335 1119 388 1126 ——-
425 1097 566 1135 Fabula
602 1099 647 1135 de
684 1095 970 1135 Phaethontis
1010 1111 1144 1134 cursu
1181 1110 1260 1134 cum
1292 1098 1371 1136 sole

201 1164 368 1216 perfecto
399 1178 507 1216 quum
537 1165 595 1203 edi
626 1171 759 1216 coepta
788 1170 870 1211 est,
902 1171 1003 1202 terra
1033 1164 1134 1201 orbis
1163 1165 1282 1203 adhuc
1312 1179 1372 1203 ro-

201 1233 338 1270 tundus
367 1238 405 1270 et
434 1233 479 1270 ab
511 1233 660 1271 Oceano
691 1232 934 1270 circumfusus
964 1245 1047 1269 esse
1078 1233 1291 1278 videbatur,
1323 1233 1373 1271 si-

202 1304 262 1337 tus
300 1299 361 1338 ille
401 1301 468 1337 sub
509 1301 603 1338 coeli
641 1314 787 1338 camera
817 1300 1000 1337 montibus
1031 1306 1239 1338 sustentata
1270 1306 1306 1339 et
1336 1302 1372 1339 in

202 1367 432 1405 Cimmeriam
464 1373 606 1405 noctem
637 1374 674 1406 et
703 1369 819 1406 lucem
852 1368 1102 1419 Aethiopicam
1133 1368 1273 1406 divisus
1299 1368 1368 1406 Lb.

202 1434 256 1480 ll,
298 1440 390 1473 116.
449 1436 488 1472 lu
519 1435 589 1473 hoc
619 1436 708 1472 orbe
739 1436 926 1481 terrestri,
957 1449 1029 1486 qua
1059 1435 1163 1472 simul
1195 1437 1239 1473 ad
1271 1437 1374 1487 aqui·

201 1501 323 1539 lonem
353 1506 390 1540 et
419 1503 465 1540 ad
496 1503 721 1540 occidentem
752 1504 866 1540 solem
897 1504 1108 1554 spectabat,
1141 1502 1295 1541 defluxit
1327 1505 1372 1542 de

203 1569 386 1606 montibus
425 1570 620 1620 Rhipaeis,
659 1570 752 1607 citra
790 1584 882 1620 quos
912 1571 1011 1608 circa
1041 1571 1157 1607 sinum
1190 1572 1371 1610 Sardoum

203 1635 367 1689 Ligures
411 1634 597 1687 (Λίγυες)
629 1637 863 1683 habitabant,
903 1638 938 1674 iu
970 1639 1154 1676 Oceanum
1187 1640 1370 1678 Eridanus

205 1704 282 1742 sive
320 1709 403 1755 post
440 1705 590 1742 Rhenus
628 1705 746 1743 dictus
784 1706 852 1743 Lb.
892 1706 925 1751 l,
973 1710 1064 1745 481.
1098 1708 1164 1757 Ep.
1195 1707 1311 1758 myth.
1343 1710 1371 1754 1,

208 1776 271 1812 15.
303 1772 347 1817 ll,
381 1776 442 1810 12.
475 1770 577 1825 (50.)
610 1786 674 1824 per
701 1778 843 1811 noctem
863 1773 1104 1819 Cimmeriam,
1136 1787 1240 1824 quae,
1273 1783 1374 1827 post-

205 1851 311 1890 quam
348 1840 393 1877 ad
428 1839 574 1878 ultimas
613 1847 736 1892 partes
774 1841 976 1878 occidentis
1014 1842 1103 1878 solis
1141 1841 1268 1880 felices
1299 1844 1372 1894 Hy-

207 1906 375 1958 perborei
405 1907 550 1945 deducti
582 1907 747 1956 fueraut,
786 1909 920 1946 sensim
951 1909 1159 1960 sensimque
1189 1924 1261 1947 una
1290 1924 1369 1949 cum

208 1975 307 2012 aditu
346 1975 391 2012 ad
427 1973 566 2012 inferos
605 1977 650 2013 ad
689 1978 895 2028 aquilonem
926 1990 1055 2015 versus
1085 1978 1370 2028 protrudebatur

208 2043 278 2094 Ep.
312 2042 425 2092 Myth.
463 2043 518 2088 ΙΙ,
565 2049 628 2083 16.
671 2050 718 2082 18
759 2043 843 2095 (54.
881 2043 984 2097 56.).
1054 2045 1277 2083 Phaethonti
1308 2060 1368 2083 ro-

209 2110 335 2163 ganti,
368 2111 464 2162 quod
493 2111 674 2149 Hesiodus
703 2113 857 2159 cecinit,
900 2114 964 2150 Sol
994 2126 1138 2150 currum
1168 2114 1368 2160 commisit3

211 2179 276 2218 sed
305 2178 471 2231 aurigam
502 2179 756 2230 despicientes,
786 2181 934 2219 limitem
964 2180 1048 2226 equi
1079 2181 1300 2233 migrabant,
1331 2189 1368 2220 et

213 2247 333 2285 omnia
360 2246 624 2286 incendebant:
655 2249 853 2300 Aethiopes
883 2249 960 2288 sive
991 2253 1074 2299 post
1106 2248 1184 2287 ludi
1213 2249 1301 2287 dieti
1321 2250 1366 2288 ad
