1472 2620
389 144 590 183 ECLOGA
622 144 680 189 Vi,
708 147 761 182 76
777 165 829 171 -
843 148 908 182 77.
1173 147 1230 185 57

75 257 327 298 Germanicum
358 258 402 294 ab
433 257 548 302 ostio,
594 269 743 292 numero
773 256 889 292 adhuc
919 254 1070 299 idoneo,
1113 258 1230 298 erant,

74 338 224 376 asperas
254 337 378 362 omnes
409 329 447 362 et
483 336 607 374 parum
645 321 787 360 fertiles
824 323 929 367 dicit3
975 322 1096 371 itaque
1131 333 1231 358 suam

74 394 152 444 ipse
198 392 404 443 opinionem
443 390 598 435 refellit,
644 390 847 427 Dulichium
888 390 1074 426 Dolicham
1118 389 1234 425 adhuc

75 474 157 498 esse
187 464 410 506 manentem,
455 457 550 509 quod
581 470 710 494 nomen
741 458 862 507 plures
892 457 1033 494 insulae
1062 471 1083 494 a
1112 457 1233 508 longi-

75 528 200 565 tudine
229 540 295 563 sua
326 520 510 578 [ὸόλιχός]
542 524 741 569 habehant,
785 525 921 574 Spanh.
954 524 1092 561 Callim.
1124 524 1232 561 Dian.

76 598 168 633 187.
225 594 432 632 Pausanias
462 605 606 630 causam
637 591 780 641 adjicit,
827 604 891 628 cur
919 590 1053 627 factum
1084 591 1149 635 sit,
1196 596 1235 628 ut

73 661 257 698 Achelous
287 661 426 711 aliquas
457 660 573 698 adhuc
601 658 806 696 Echinades
835 657 1042 707 reliquerit3
1074 658 1138 694 sed
1163 659 1234 694 Eu-

75 728 200 766 stathii
238 733 361 766 aetate
398 728 552 778 Dionys·
589 730 668 765 435
707 739 830 763 omnes
866 738 938 762 una
983 738 1061 762 cum
1099 725 1234 775 Tapho

76 795 270 834 continens
307 800 407 833 terra
437 794 557 832 sactae
586 798 702 832 erant.
771 794 920 843 [ly-sses
956 793 1137 844 regnabat
1166 793 1236 829 Ce-

75 863 284 914 phallenitis
314 863 350 899 in
381 863 509 899 insulis
539 863 680 906 Ithaca,
726 861 835 897 Samo
867 860 943 897 sive
975 862 1101 905 Same,
1143 873 1236 910 quae

75 934 207 981 postea
235 942 440 981 cognomen
467 942 568 965 suum
596 928 873 978 Cephalleniae,
905 940 977 977 quo
1002 927 1045 965 ah
1072 927 1152 964 aliis
1184 928 1236 964 ‹li-

75 996 353 1049 stinguebatur,
385 995 419 1032 in
450 1008 579 1032 nomen
611 995 772 1045 accepit,
807 1008 916 1045 porro
946 994 982 1031 in
1019 995 1136 1031 insula
1165 995 1238 1031 Za-

76 1064 210 1114 cyntho
240 1068 279 1102 et
307 1063 389 1101 aliis
419 1063 630 1114 quibusdam
661 1062 878 1106 minoribus,
909 1075 976 1099 nec
1007 1075 1078 1098 nou
1111 1062 1145 1098 in
1169 1062 1240 1098 ista

77 1131 308 1170 Acarnaniae
338 1130 572 1182 paeninsula,
618 1129 678 1166 uhi
708 1129 860 1167 Nericus
890 1130 976 1166 urbs
1007 1133 1104 1174 erat,
1146 1142 1240 1178 quae

77 1203 162 1250 post
189 1198 335 1236 Leucas
365 1198 485 1235 insula
513 1197 612 1235 facta
643 1202 710 1234 est.
770 1196 995 1241 Dulichium,
1040 1209 1145 1245 quum
1178 1196 1240 1232 oh-

78 1266 283 1311 litesceret‚
314 1265 612 1315 quemadmodum
634 1265 788 1313 'Paphus
812 1264 855 1301 ah
886 1264 986 1308 aliis,
1017 1264 1067 1299 ita
1094 1265 1137 1300 ah
1157 1263 1240 1300 Hel-

78 1333 199 1370 lanico
231 1331 371 1382 (strab.
409 1332 445 1368 X
483 1346 516 1382 p.
547 1330 644 1383 436)
685 1332 828 1376 eadem,
873 1344 965 1381 quac
1002 1331 1241 1381 Cephallenia

80 1400 219 1445 insula,
257 1399 371 1437 fuisse
401 1399 608 1444 dicebatur3
654 1412 674 1435 a
705 1398 937 1447 Pherecydc,
981 1411 1084 1447 quem
1115 1403 1241 1434 aucto-

80 1481 156 1505 rem
179 1467 386 1504 Pausanias
418 1472 454 1504 et
476 1466 536 1504 alii
557 1469 779 1515 sequuntur,
811 1465 954 1509 eadem,
987 1477 1079 1514 quae
1105 1464 1239 1510 Paleis,

80 1535 166 1572 urbs
196 1534 476 1585 Cephalleniae3
506 1533 550 1570 ab
574 1533 748 1570 Androne
777 1537 917 1577 autem,
948 1545 1102 1582 quocum
1133 1533 1240 1569 scho-

80 1602 208 1640 liastes
233 1602 382 1639 Homeri
411 1601 457 1638 ad
488 1601 619 1650 Odyss-
656 1601 682 1645 l,
714 1603 792 1638 246
825 1600 1027 1644 consentit,
1059 1604 1160 1637 certe
1187 1600 1241 1636 in-

81 1670 162 1708 sula
183 1670 358 1720 quaedam
385 1669 489 1720 regni
513 1667 738 1719 Cephallenii
760 1680 841 1703 esse
866 1667 1073 1716 putabatur.
1123 1668 1240 1718 lpsam

82 1737 263 1783 Ithacam,
294 1741 420 1783 erant,
451 1736 512 1787 qui
542 1735 574 1772 id
601 1748 684 1772 esse
708 1739 921 1771 censerent:
954 1747 1034 1771 nam
1059 1748 1128 1771 non
1153 1735 1239 1772 Ser-

82 1804 163 1843 vius
207 1809 347 1842 tautum
391 1805 436 1841 de
479 1802 619 1852 Ulyssis
660 1802 859 1838 domestica
903 1801 1020 1838 insula
1058 1802 1239 1849 Dulichio,

86 1872 148 1909 ubi
180 1884 281 1908 mons
311 1873 359 1907 sit
390 1872 555 1914 lthacus,
585 1882 786 1906 sennonem
818 1868 925 1914 facit3
955 1869 1018 1906 sed
1049 1870 1157 1907 ctiam
1187 1870 1241 1909 fa-

83 1939 248 1977 bularum
286 1937 498 1989 intelligens
528 1937 742 1987 Propertius
773 1937 824 1982 ll,
864 1940 912 1974 14
947 1936 1032 1984 ΙΙΙΙ,
1065 1943 1118 1984 (ij,
1150 1943 1173 1976 4
1205 1944 1242 1976 et

85 2006 200 2057 ipsam
230 2006 373 2042 nomine
402 2004 586 2050 Dulichia,
619 2009 675 2049 et,
706 2003 999 2054 quemadmodum
1024 2004 1174 2042 ovidius
1206 2006 1240 2043 iu

85 2072 249 2125 pluribus
278 2072 368 2109 locis
398 2077 435 2110 et
456 2072 634 2110 Martialis
659 2072 723 2117 Xl,
750 2076 802 2110 70
833 2069 933 2123 [SOL
965 2071 1015 2108 ita
1038 2072 1241 2110 Dulichium

87 2153 194 2178 omne
222 2143 332 2179 vocat
361 2140 422 2185 ΙΙΙ,
450 2144 472 2178 5
507 2140 583 2188 HV,
614 2141 668 2187 41,
703 2145 764 2185 17,
795 2140 890 2190 quod
915 2139 959 2176 ad
984 2139 1138 2176 lthacam
1163 2154 1242 2190 per-

87 2207 192 2246 tinet.
265 2207 370 2245 Nunc
406 2207 521 2258 ipsum
557 2207 723 2244 Dolichia
760 2212 886 2257 portus
926 2206 1057 2243 dicitur
1094 2208 1243 2245 Theaki

87 2274 165 2315 sive
194 2275 340 2314 Ithacae
380 2274 522 2314 insulae
551 2275 713 2326 quidam,
758 2273 818 2324 qui
847 2274 894 2312 ad
923 2274 1100 2313 orientem
1130 2276 1242 2314 solem
