1472 2620
431 159 636 198 ECLOGA
666 159 746 206 vn,
778 162 957 198 61-64,
1228 166 1290 205 93

104 271 252 310 doctior
297 268 401 323 (nam
446 272 645 311 Theocriti
693 272 839 323 quidem
885 272 1070 320 Jupiter
1102 273 1289 320 pluvius

104 339 217 377 mittit
236 344 379 377 tantum
404 339 580 391 pluviam)
612 340 768 377 ridicule
799 340 1018 377 adhibetur:
1052 339 1195 390 Phyllis
1225 340 1288 377 ad-

104 412 182 454 est,
214 413 253 444 et
282 407 451 458 Jupiter,
482 407 590 458 quasi
618 407 751 444 Danae·
782 408 907 457 aliqua
938 421 1019 445 eum
1050 407 1203 453 alliciat,
1233 412 1288 445 te-

105 474 170 512 nui
200 488 241 512 se
272 475 401 527 dejicit
430 475 565 526 pluvia.

220 547 269 581 61
296 564 350 570 —
380 546 446 581 64.
535 540 597 578 Dii
643 554 732 578 suas
781 541 851 578 sibi
889 542 1045 579 arbores
1085 542 1291 594 eligebant,

104 608 250 659 Phyllis
297 610 476 660 corylum.
564 609 649 659 lpsa
695 614 838 646 tantum
893 614 931 646 et
974 614 1119 646 umutor
1156 610 1291 656 sciunt,

105 676 355 727 quamobrem.
442 676 590 714 Exinde
642 675 800 714 amatori
855 676 1006 725 corylus
1054 690 1126 712 non
1174 677 1293 713 minus

105 749 239 781 sanctu
275 749 351 789 est,
401 757 507 794 quam
546 744 604 781 dei
641 744 765 781 arbor.
795 763 851 772 —-
881 742 1099 789 Arbores,
1147 743 1293 779 Plinius

106 810 244 862 iuquit,
277 811 414 862 templa
442 810 548 849 suere
580 812 784 856 numinum3
823 810 1022 861 priscoque,
1053 810 1126 847 ritu
1156 809 1294 860 simpli-

106 878 164 916 cia
200 892 289 915 rura
326 879 438 916 etium
478 891 577 916 nune
608 879 690 916 Deo
722 878 1008 928 praecellentem
1041 878 1210 914 arborem
1243 876 1296 914 di-

106 950 213 991 cunt3
257 945 431 982 arborum
469 958 618 995 quoque
648 958 793 996 genera
824 945 1033 982 numinibus
1064 945 1142 982 suis
1173 945 1297 982 dicata

106 1017 289 1064 perpetuo
318 1017 538 1051 servantur:
571 1018 612 1049 ut
641 1012 728 1051 Jovi
760 1012 927 1057 esculus,
959 1013 1123 1063 Apollini
1155 1013 1296 1058 laurus,

106 1080 300 1119 Minervae
331 1080 433 1126 olea,
467 1080 602 1117 Veneri
634 1085 796 1130 myrtus,
829 1080 979 1117 Herculi
1012 1080 1168 1131 populus
1199 1080 1297 1117 Plin.

108 1147 204 1194 Xll,
256 1153 275 1186 1
341 1161 371 1185 s,
419 1152 455 1186 2.
517 1145 736 1199 Populum
775 1148 920 1185 albam
958 1147 1179 1185 Hercvles
1217 1147 1297 1185 sive

108 1215 260 1253 Alcides
302 1212 412 1267 (avus
455 1220 537 1252 erut
574 1215 755 1267 Alcaeus)
799 1215 844 1252 ab
886 1215 1101 1252 Acheronte
1139 1214 1296 1259 serebat,

108 1295 217 1334 quum
257 1296 303 1320 eu
343 1288 547 1320 coronatus
578 1282 784 1320 Cerberum
816 1283 1072 1334 pertralieret3
1111 1281 1191 1333 ipse
1222 1282 1297 1318 Ho-

108 1363 234 1387 merus
265 1346 468 1402 ἀχερωΐὸιι
498 1363 578 1386 eum
610 1350 785 1400 appell-ut.
847 1350 936 1387 lude
968 1349 1093 1395 fiebat,
1126 1356 1167 1386 ut
1197 1349 1298 1387 viros

109 1417 336 1469 pervicacem,
368 1417 512 1467 qualem
542 1417 733 1454 'Peuci-um
765 1417 801 1453 in
833 1417 978 1454 Horatii
1009 1418 1035 1453 Ι.
1068 1417 1128 1453 od.
1160 1421 1198 1462 7,
1233 1420 1298 1462 23,

111 1490 149 1522 et
179 1485 341 1536 juvenes
378 1489 580 1521 coronaret
609 1485 645 1521 in
678 1484 912 1534 Gymnasiis,
958 1497 1113 1534 quorum
1146 1496 1300 1534 praeses

112 1552 293 1590 Hercules
325 1557 408 1589 erat
438 1551 474 1588 in
505 1551 649 1589 seriore
670 1552 916 1602 antiquitate3
947 1552 1114 1588 Theocr.
1134 1551 1178 1595 ll,
1200 1555 1298 1588 121:

248 1629 376 1662 Ramos
402 1630 592 1672 populeos,
618 1628 754 1663 Alcidae
779 1640 942 1670 germen,
968 1627 1127 1669 habebat,
1150 1627 1183 1667 ⁸)

245 1684 414 1728 Purpurei
439 1685 517 1718 nodi
542 1685 755 1726 stringebant
779 1690 871 1718 serta
896 1694 1056 1717 coronate.

110 1752 295 1792 Hercules
342 1753 442 1805 ipse,
493 1755 591 1805 quod
637 1754 901 1792 Tertullianus
947 1752 1084 1799 refert,
1129 1751 1300 1789 frondem

111 1821 221 1858 modo
260 1822 455 1871 populeum
487 1821 522 1858 in
555 1822 694 1859 vertice
726 1822 904 1872 gerebat,
944 1821 1051 1857 modo
1083 1820 1299 1866 oleastrum,

113 1888 221 1926 modo
262 1888 399 1939 apium.
466 1886 644 1925 Baccho
683 1890 762 1926 sive
792 1886 954 1925 Iaccho
993 1894 1144 1939 praeter
1172 1891 1300 1925 vitem

115 1956 254 1993 liederu
297 1968 446 2006 quoque
486 1969 594 1993 sacru
632 1961 725 1993 erut.
797 1958 978 2007 lllyrtus
1026 1955 1177 1994 Veneri
1215 1959 1301 2006 post

113 2023 316 2060 Hesiodum
356 2023 524 2069 taudem,
566 2023 671 2074 pluru
703 2023 867 2075 iusignia
898 2037 1006 2074 quum
1038 2037 1100 2060 urs
1131 2021 1300 2074 tingendi

115 2089 368 2135 desideraret,
406 2090 556 2140 propria
593 2089 693 2128 sacta
731 2104 815 2129 esse
846 2091 1011 2136 videtur,
1052 2093 1191 2127 maris
1221 2089 1300 2127 for-

205 2210 240 2250 0)
291 2211 342 2243 Ad
369 2210 503 2244 Graeca
530 2213 632 2244 verba
657 2211 825 2254 pressius:

251 2257 395 2298 Populus
418 2258 462 2288 ml
486 2262 584 2297 capu!
609 2257 687 2289 alba
711 2258 788 2300 tuit,
813 2268 914 2291 sacra
938 2258 1092 2290 Herculis
1115 2256 1217 2289 arbor

115 2300 177 2335 sed
200 2300 277 2344 quis
301 2301 369 2335 tale
392 2301 474 2344 quid
497 2300 612 2334 terat?
