<?xml version="1.0" encoding="UTF-8"?>
<!DOCTYPE html PUBLIC "-//W3C//DTD XHTML 1.0 Transitional//EN"
    "http://www.w3.org/TR/xhtml1/DTD/xhtml1-transitional.dtd">
<html xmlns="http://www.w3.org/1999/xhtml" xml:lang="en" lang="en">
 <head>
  <title>
</title>
<meta http-equiv="Content-Type" content="text/html;charset=utf-8" />
  <meta name='ocr-system' content='tesseract 3.04.00' />
  <meta name='ocr-capabilities' content='ocr_page ocr_carea ocr_par ocr_line ocrx_word'/>
</head>
<body>
  <div class='ocr_page' id='page_1' title='image "./eclogaevix00virguoft_0227.png"; bbox 0 0 1515 2620; ppageno 0'>
   <div class='ocr_carea' id='block_1_1' title="bbox 442 122 1268 169">
    <p class='ocr_par' dir='ltr' id='par_1_1' title="bbox 442 122 1268 169">
     <span class='ocr_line' id='line_1_1' title="bbox 442 122 1268 169; baseline 0.01 -10"><span class='ocrx_word' id='word_1_1' title='bbox 442 122 648 161; x_wconf 81' lang='lat' dir='ltr'><strong>ECLOGA</strong></span> <span class='ocrx_word' id='word_1_2' title='bbox 671 122 722 169; x_wconf 89' lang='grc' dir='ltr'>Χ,</span> <span class='ocrx_word' id='word_1_3' title='bbox 754 125 858 163; x_wconf 81' lang='lat'>50-</span> <span class='ocrx_word' id='word_1_4' title='bbox 867 125 932 162; x_wconf 79' lang='lat'>54.</span> <span class='ocrx_word' id='word_1_5' title='bbox 1188 129 1268 167; x_wconf 78' lang='lat'>221</span> 
     </span>
    </p>
   </div>
   <div class='ocr_carea' id='block_1_2' title="bbox 87 233 1277 2312">
    <p class='ocr_par' dir='ltr' id='par_1_2' title="bbox 87 233 1277 2312">
     <span class='ocr_line' id='line_1_2' title="bbox 90 233 1274 282; baseline 0 -9"><span class='ocrx_word' id='word_1_6' title='bbox 90 248 164 273; x_wconf 90' lang='lat' dir='ltr'>non</span> <span class='ocrx_word' id='word_1_7' title='bbox 195 233 232 272; x_wconf 90' lang='lat' dir='ltr'>in</span> <span class='ocrx_word' id='word_1_8' title='bbox 264 234 489 272; x_wconf 87' lang='lat' dir='ltr'>turbulentis</span> <span class='ocrx_word' id='word_1_9' title='bbox 519 234 605 273; x_wconf 90' lang='lat' dir='ltr'>belli</span> <span class='ocrx_word' id='word_1_10' title='bbox 635 234 862 282; x_wconf 76' lang='lat' dir='ltr'>tumultibus,</span> <span class='ocrx_word' id='word_1_11' title='bbox 894 236 1019 274; x_wconf 84' lang='lat' dir='ltr'>verum</span> <span class='ocrx_word' id='word_1_12' title='bbox 1036 235 1073 272; x_wconf 90' lang='lat' dir='ltr'>in</span> <span class='ocrx_word' id='word_1_13' title='bbox 1090 234 1274 273; x_wconf 76' lang='lat' dir='ltr'>Arcadiae</span> 
     </span>
     <span class='ocr_line' id='line_1_3' title="bbox 90 302 1275 354; baseline -0.001 -14"><span class='ocrx_word' id='word_1_14' title='bbox 90 302 329 354; x_wconf 82' lang='lat' dir='ltr'>quietissimis</span> <span class='ocrx_word' id='word_1_15' title='bbox 359 302 534 349; x_wconf 81' lang='lat' dir='ltr'>somniis,</span> <span class='ocrx_word' id='word_1_16' title='bbox 572 302 744 340; x_wconf 81' lang='lat' dir='ltr'>solatium</span> <span class='ocrx_word' id='word_1_17' title='bbox 774 302 844 339; x_wconf 84' lang='lat' dir='ltr'>sihi</span> <span class='ocrx_word' id='word_1_18' title='bbox 874 316 1054 353; x_wconf 79' lang='lat' dir='ltr'>quaerere</span> <span class='ocrx_word' id='word_1_19' title='bbox 1083 302 1183 341; x_wconf 86' lang='lat' dir='ltr'>vult:</span> <span class='ocrx_word' id='word_1_20' title='bbox 1222 302 1275 340; x_wconf 81' lang='lat' dir='ltr'>ita</span> 
     </span>
     <span class='ocr_line' id='line_1_4' title="bbox 87 369 1276 421; baseline 0 -13"><span class='ocrx_word' id='word_1_21' title='bbox 87 370 198 421; x_wconf 87' lang='lat' dir='ltr'>plane</span> <span class='ocrx_word' id='word_1_22' title='bbox 229 371 351 408; x_wconf 85' lang='lat' dir='ltr'>anima</span> <span class='ocrx_word' id='word_1_23' title='bbox 381 369 511 407; x_wconf 88' lang='lat' dir='ltr'>sitiens</span> <span class='ocrx_word' id='word_1_24' title='bbox 544 370 654 407; x_wconf 88' lang='lat' dir='ltr'>unius</span> <span class='ocrx_word' id='word_1_25' title='bbox 685 375 831 407; x_wconf 83' lang='lat' dir='ltr'>amatae</span> <span class='ocrx_word' id='word_1_26' title='bbox 860 371 971 420; x_wconf 90' lang='lat' dir='ltr'>plena</span> <span class='ocrx_word' id='word_1_27' title='bbox 1001 375 1069 407; x_wconf 82' lang='lat' dir='ltr'>est.</span> <span class='ocrx_word' id='word_1_28' title='bbox 1103 370 1276 408; x_wconf 77' lang='lat' dir='ltr'>Carmina</span> 
     </span>
     <span class='ocr_line' id='line_1_5' title="bbox 89 435 1277 487; baseline -0.001 -11"><span class='ocrx_word' id='word_1_29' title='bbox 89 451 172 476; x_wconf 85' lang='lat' dir='ltr'>mea</span> <span class='ocrx_word' id='word_1_30' title='bbox 202 437 338 475; x_wconf 89' lang='lat' dir='ltr'>moduli</span> <span class='ocrx_word' id='word_1_31' title='bbox 371 435 636 483; x_wconf 59' lang='lat' dir='ltr'>Chalcidice,</span> <span class='ocrx_word' id='word_1_32' title='bbox 670 443 756 487; x_wconf 88' lang='lat' dir='ltr'>post</span> <span class='ocrx_word' id='word_1_33' title='bbox 786 435 1111 486; x_wconf 71' lang='lat' dir='ltr'>Euphorionem</span> <span class='ocrx_word' id='word_1_34' title='bbox 1144 436 1277 475; x_wconf 76' lang='lat' dir='ltr'><em>Cltal-</em></span> 
     </span>
     <span class='ocr_line' id='line_1_6' title="bbox 91 505 1275 551; baseline -0.002 -7"><span class='ocrx_word' id='word_1_35' title='bbox 91 507 278 544; x_wconf 71' lang='lat' dir='ltr'>cidicum</span> <span class='ocrx_word' id='word_1_36' title='bbox 307 518 330 542; x_wconf 84' lang='lat' dir='ltr'>a</span> <span class='ocrx_word' id='word_1_37' title='bbox 360 518 417 541; x_wconf 87' lang='lat' dir='ltr'>me</span> <span class='ocrx_word' id='word_1_38' title='bbox 447 505 610 542; x_wconf 87' lang='lat' dir='ltr'>secundo</span> <span class='ocrx_word' id='word_1_39' title='bbox 641 509 792 542; x_wconf 85' lang='lat' dir='ltr'>cantata</span> <span class='ocrx_word' id='word_1_40' title='bbox 810 505 871 550; x_wconf 69' lang='lat' dir='ltr'>Vl,</span> <span class='ocrx_word' id='word_1_41' title='bbox 904 510 1082 551; x_wconf 77' lang='lat'><strong>64—73,</strong></span> <span class='ocrx_word' id='word_1_42' title='bbox 1115 506 1275 542; x_wconf 87' lang='lat' dir='ltr'>calamos</span> 
     </span>
     <span class='ocr_line' id='line_1_7' title="bbox 91 571 1274 625; baseline 0 -15"><span class='ocrx_word' id='word_1_43' title='bbox 91 586 166 625; x_wconf 86' lang='lat' dir='ltr'>ego</span> <span class='ocrx_word' id='word_1_44' title='bbox 204 571 338 610; x_wconf 85' lang='lat' dir='ltr'>inflans</span> <span class='ocrx_word' id='word_1_45' title='bbox 376 571 602 610; x_wconf 77' lang='lat' dir='ltr'>arundineus</span> <span class='ocrx_word' id='word_1_46' title='bbox 639 573 785 610; x_wconf 65' lang='lat' dir='ltr'>Sicula·</span> <span class='ocrx_word' id='word_1_47' title='bbox 826 576 1024 619; x_wconf 51' lang='lat' dir='ltr'>pcc-§corle</span> <span class='ocrx_word' id='word_1_48' title='bbox 1064 573 1274 618; x_wconf 75' lang='lat' dir='ltr'>Theocriti,</span> 
     </span>
     <span class='ocr_line' id='line_1_8' title="bbox 89 639 1276 689; baseline 0 -12"><span class='ocrx_word' id='word_1_49' title='bbox 89 640 230 678; x_wconf 80' lang='lat' dir='ltr'>edicam</span> <span class='ocrx_word' id='word_1_50' title='bbox 261 639 290 685; x_wconf 86' lang='grc' dir='ltr'>Ι,</span> <span class='ocrx_word' id='word_1_51' title='bbox 323 644 359 678; x_wconf 82' lang='grc'>2.</span> <span class='ocrx_word' id='word_1_52' title='bbox 390 640 433 686; x_wconf 78' lang='lat' dir='ltr'>V,</span> <span class='ocrx_word' id='word_1_53' title='bbox 469 644 539 687; x_wconf 80' lang='lat'>143</span> <span class='ocrx_word' id='word_1_54' title='bbox 568 639 592 677; x_wconf 91' lang='lat' dir='ltr'>i.</span> <span class='ocrx_word' id='word_1_55' title='bbox 624 652 657 677; x_wconf 88' lang='lat' dir='ltr'>e.</span> <span class='ocrx_word' id='word_1_56' title='bbox 689 639 724 676; x_wconf 90' lang='lat' dir='ltr'>in</span> <span class='ocrx_word' id='word_1_57' title='bbox 743 639 977 677; x_wconf 87' lang='lat' dir='ltr'>Theocritea</span> <span class='ocrx_word' id='word_1_58' title='bbox 1007 639 1133 689; x_wconf 83' lang='lat' dir='ltr'>idyllia</span> <span class='ocrx_word' id='word_1_59' title='bbox 1156 646 1276 677; x_wconf 84' lang='lat' dir='ltr'>trans-</span> 
     </span>
     <span class='ocr_line' id='line_1_9' title="bbox 87 704 1274 756; baseline 0 -12"><span class='ocrx_word' id='word_1_60' title='bbox 87 706 255 745; x_wconf 85' lang='lat' dir='ltr'>formabo</span> <span class='ocrx_word' id='word_1_61' title='bbox 285 706 361 744; x_wconf 89' lang='lat' dir='ltr'>illa.</span> <span class='ocrx_word' id='word_1_62' title='bbox 419 704 669 756; x_wconf 75' lang='lat' dir='ltr'>Euphorio,</span> <span class='ocrx_word' id='word_1_63' title='bbox 706 704 914 745; x_wconf 77' lang='lat' dir='ltr'>Chalcide</span> <span class='ocrx_word' id='word_1_64' title='bbox 944 707 1123 745; x_wconf 79' lang='lat' dir='ltr'>Euboeae</span> <span class='ocrx_word' id='word_1_65' title='bbox 1153 714 1274 754; x_wconf 82' lang='lat' dir='ltr'>natus,</span> 
     </span>
     <span class='ocr_line' id='line_1_10' title="bbox 88 774 1275 826; baseline 0 -14"><span class='ocrx_word' id='word_1_66' title='bbox 88 779 200 826; x_wconf 68' lang='lat' dir='ltr'>poeta</span> <span class='ocrx_word' id='word_1_67' title='bbox 238 779 320 813; x_wconf 85' lang='lat' dir='ltr'>erat</span> <span class='ocrx_word' id='word_1_68' title='bbox 360 774 565 812; x_wconf 87' lang='lat' dir='ltr'>uberrimus</span> <span class='ocrx_word' id='word_1_69' title='bbox 595 774 849 813; x_wconf 84' lang='lat' dir='ltr'>Alexandrina</span> <span class='ocrx_word' id='word_1_70' title='bbox 886 779 1031 820; x_wconf 83' lang='lat' dir='ltr'>aetate,</span> <span class='ocrx_word' id='word_1_71' title='bbox 1069 780 1108 812; x_wconf 89' lang='lat' dir='ltr'>et</span> <span class='ocrx_word' id='word_1_72' title='bbox 1145 774 1275 812; x_wconf 84' lang='lat' dir='ltr'>biblio-</span> 
     </span>
     <span class='ocr_line' id='line_1_11' title="bbox 89 841 1276 895; baseline 0 -15"><span class='ocrx_word' id='word_1_73' title='bbox 89 843 221 881; x_wconf 84' lang='lat' dir='ltr'>thecae</span> <span class='ocrx_word' id='word_1_74' title='bbox 250 841 464 894; x_wconf 78' lang='lat' dir='ltr'>praefectus</span> <span class='ocrx_word' id='word_1_75' title='bbox 494 843 621 895; x_wconf 85' lang='lat' dir='ltr'>magni</span> <span class='ocrx_word' id='word_1_76' title='bbox 651 842 837 879; x_wconf 80' lang='lat' dir='ltr'>Antiochi.</span> <span class='ocrx_word' id='word_1_77' title='bbox 898 843 998 879; x_wconf 88' lang='lat' dir='ltr'>Tum</span> <span class='ocrx_word' id='word_1_78' title='bbox 1029 848 1182 893; x_wconf 80' lang='lat' dir='ltr'>propter</span> <span class='ocrx_word' id='word_1_79' title='bbox 1212 843 1276 880; x_wconf 87' lang='lat' dir='ltr'>ab-</span> 
     </span>
     <span class='ocr_line' id='line_1_12' title="bbox 90 909 1275 960; baseline 0 -12"><span class='ocrx_word' id='word_1_80' title='bbox 90 914 235 948; x_wconf 79' lang='lat' dir='ltr'>strusas</span> <span class='ocrx_word' id='word_1_81' title='bbox 281 909 451 954; x_wconf 83' lang='lat' dir='ltr'>fabulas,</span> <span class='ocrx_word' id='word_1_82' title='bbox 504 915 577 947; x_wconf 78' lang='lat' dir='ltr'>tuin</span> <span class='ocrx_word' id='word_1_83' title='bbox 623 909 670 946; x_wconf 89' lang='lat' dir='ltr'>ob</span> <span class='ocrx_word' id='word_1_84' title='bbox 717 909 991 960; x_wconf 88' lang='lat' dir='ltr'>eloquutioncm</span> <span class='ocrx_word' id='word_1_85' title='bbox 1036 909 1275 948; x_wconf 83' lang='lat' dir='ltr'>artificiosius</span> 
     </span>
     <span class='ocr_line' id='line_1_13' title="bbox 89 976 1275 1028; baseline 0 -13"><span class='ocrx_word' id='word_1_86' title='bbox 89 982 272 1028; x_wconf 83' lang='lat' dir='ltr'>comptam</span> <span class='ocrx_word' id='word_1_87' title='bbox 302 976 482 1014; x_wconf 87' lang='lat' dir='ltr'>obscurus</span> <span class='ocrx_word' id='word_1_88' title='bbox 513 990 535 1013; x_wconf 86' lang='lat' dir='ltr'>a</span> <span class='ocrx_word' id='word_1_89' title='bbox 566 976 749 1014; x_wconf 81' lang='lat' dir='ltr'>Cicerone</span> <span class='ocrx_word' id='word_1_90' title='bbox 780 977 825 1013; x_wconf 89' lang='lat' dir='ltr'>de</span> <span class='ocrx_word' id='word_1_91' title='bbox 856 977 953 1015; x_wconf 83' lang='lat' dir='ltr'>divin</span> <span class='ocrx_word' id='word_1_92' title='bbox 986 977 1032 1023; x_wconf 89' lang='lat' dir='ltr'>ll,</span> <span class='ocrx_word' id='word_1_93' title='bbox 1065 982 1118 1016; x_wconf 76' lang='lat'>64</span> <span class='ocrx_word' id='word_1_94' title='bbox 1150 978 1275 1028; x_wconf 89' lang='lat' dir='ltr'>appel-</span> 
     </span>
     <span class='ocr_line' id='line_1_14' title="bbox 88 1043 1277 1095; baseline 0 -13"><span class='ocrx_word' id='word_1_95' title='bbox 88 1044 208 1092; x_wconf 84' lang='lat' dir='ltr'>latus,</span> <span class='ocrx_word' id='word_1_96' title='bbox 239 1058 261 1082; x_wconf 87' lang='lat' dir='ltr'>a</span> <span class='ocrx_word' id='word_1_97' title='bbox 290 1043 449 1081; x_wconf 84' lang='lat' dir='ltr'>Tiberio</span> <span class='ocrx_word' id='word_1_98' title='bbox 479 1043 574 1081; x_wconf 88' lang='lat' dir='ltr'>idem</span> <span class='ocrx_word' id='word_1_99' title='bbox 606 1043 780 1095; x_wconf 75' lang='lat' dir='ltr'>imprimis</span> <span class='ocrx_word' id='word_1_100' title='bbox 810 1045 1016 1082; x_wconf 83' lang='lat' dir='ltr'>amabatur.</span> <span class='ocrx_word' id='word_1_101' title='bbox 1077 1046 1277 1087; x_wconf 77' lang='lat' dir='ltr'>Quintilia-</span> 
     </span>
     <span class='ocr_line' id='line_1_15' title="bbox 90 1111 1275 1165; baseline 0.001 -16"><span class='ocrx_word' id='word_1_102' title='bbox 90 1125 160 1149; x_wconf 86' lang='lat' dir='ltr'>nus</span> <span class='ocrx_word' id='word_1_103' title='bbox 190 1111 227 1149; x_wconf 87' lang='lat' dir='ltr'>X</span> <span class='ocrx_word' id='word_1_104' title='bbox 264 1125 298 1162; x_wconf 87' lang='lat' dir='ltr'>p.</span> <span class='ocrx_word' id='word_1_105' title='bbox 332 1116 433 1157; x_wconf 81' lang='lat'><strong>218,</strong></span> <span class='ocrx_word' id='word_1_106' title='bbox 472 1112 694 1157; x_wconf 89' lang='lat' dir='ltr'>nonnullos,</span> <span class='ocrx_word' id='word_1_107' title='bbox 733 1112 805 1157; x_wconf 82' lang='lat' dir='ltr'>ait,</span> <span class='ocrx_word' id='word_1_108' title='bbox 845 1111 903 1149; x_wconf 94' lang='lat' dir='ltr'>hic</span> <span class='ocrx_word' id='word_1_109' title='bbox 944 1126 1026 1150; x_wconf 79' lang='lat' dir='ltr'>euin</span> <span class='ocrx_word' id='word_1_110' title='bbox 1064 1126 1086 1150; x_wconf 82' lang='lat' dir='ltr'>a</span> <span class='ocrx_word' id='word_1_111' title='bbox 1116 1113 1275 1165; x_wconf 69' lang='lat' dir='ltr'>Virgilio</span> 
     </span>
     <span class='ocr_line' id='line_1_16' title="bbox 90 1178 1275 1231; baseline 0.001 -14"><span class='ocrx_word' id='word_1_112' title='bbox 90 1179 333 1231; x_wconf 82' lang='lat' dir='ltr'>approbatum</span> <span class='ocrx_word' id='word_1_113' title='bbox 364 1179 538 1228; x_wconf 89' lang='lat' dir='ltr'>credere;</span> <span class='ocrx_word' id='word_1_114' title='bbox 571 1178 639 1229; x_wconf 84' lang='lat' dir='ltr'>ipsi</span> <span class='ocrx_word' id='word_1_115' title='bbox 666 1178 783 1216; x_wconf 88' lang='lat' dir='ltr'>minus</span> <span class='ocrx_word' id='word_1_116' title='bbox 803 1180 951 1230; x_wconf 90' lang='lat' dir='ltr'>placere</span> <span class='ocrx_word' id='word_1_117' title='bbox 968 1180 1125 1218; x_wconf 88' lang='lat' dir='ltr'>videtur.</span> <span class='ocrx_word' id='word_1_118' title='bbox 1159 1181 1275 1218; x_wconf 84' lang='lat' dir='ltr'>Plane</span> 
     </span>
     <span class='ocr_line' id='line_1_17' title="bbox 91 1245 1276 1298; baseline 0.003 -14"><span class='ocrx_word' id='word_1_119' title='bbox 91 1251 214 1285; x_wconf 79' lang='lat' dir='ltr'>autem</span> <span class='ocrx_word' id='word_1_120' title='bbox 246 1246 396 1298; x_wconf 78' lang='lat' dir='ltr'>integra</span> <span class='ocrx_word' id='word_1_121' title='bbox 427 1247 490 1285; x_wconf 82' lang='lat' dir='ltr'>vix</span> <span class='ocrx_word' id='word_1_122' title='bbox 521 1245 635 1284; x_wconf 90' lang='lat' dir='ltr'>fuerit</span> <span class='ocrx_word' id='word_1_123' title='bbox 665 1247 906 1297; x_wconf 82' lang='lat' dir='ltr'>approbati03</span> <span class='ocrx_word' id='word_1_124' title='bbox 939 1248 1068 1285; x_wconf 84' lang='lat' dir='ltr'>Gallus</span> <span class='ocrx_word' id='word_1_125' title='bbox 1088 1248 1196 1294; x_wconf 87' lang='lat' dir='ltr'>enim,</span> <span class='ocrx_word' id='word_1_126' title='bbox 1227 1249 1276 1287; x_wconf 90' lang='lat' dir='ltr'>ad</span> 
     </span>
     <span class='ocr_line' id='line_1_18' title="bbox 90 1314 1275 1367; baseline 0.003 -16"><span class='ocrx_word' id='word_1_127' title='bbox 90 1327 196 1366; x_wconf 87' lang='lat' dir='ltr'>quem</span> <span class='ocrx_word' id='word_1_128' title='bbox 235 1314 384 1366; x_wconf 85' lang='lat' dir='ltr'>proprie</span> <span class='ocrx_word' id='word_1_129' title='bbox 419 1314 584 1352; x_wconf 87' lang='lat' dir='ltr'>laudatio</span> <span class='ocrx_word' id='word_1_130' title='bbox 621 1314 793 1365; x_wconf 84' lang='lat' dir='ltr'>respicit,</span> <span class='ocrx_word' id='word_1_131' title='bbox 837 1315 982 1353; x_wconf 85' lang='lat' dir='ltr'>fabulas</span> <span class='ocrx_word' id='word_1_132' title='bbox 1019 1316 1163 1367; x_wconf 87' lang='lat' dir='ltr'>quidem</span> <span class='ocrx_word' id='word_1_133' title='bbox 1201 1317 1275 1354; x_wconf 81' lang='lat' dir='ltr'>Eu-</span> 
     </span>
     <span class='ocr_line' id='line_1_19' title="bbox 90 1381 1275 1434; baseline 0.002 -16"><span class='ocrx_word' id='word_1_134' title='bbox 90 1381 302 1433; x_wconf 83' lang='lat' dir='ltr'>phorionis,</span> <span class='ocrx_word' id='word_1_135' title='bbox 342 1382 408 1419; x_wconf 86' lang='lat' dir='ltr'>sed</span> <span class='ocrx_word' id='word_1_136' title='bbox 446 1382 572 1420; x_wconf 88' lang='lat' dir='ltr'>colore</span> <span class='ocrx_word' id='word_1_137' title='bbox 610 1386 856 1428; x_wconf 78' lang='lat' dir='ltr'>tractaverat,</span> <span class='ocrx_word' id='word_1_138' title='bbox 902 1383 964 1433; x_wconf 86' lang='lat' dir='ltr'>qui</span> <span class='ocrx_word' id='word_1_139' title='bbox 1001 1383 1275 1434; x_wconf 85' lang='lat' dir='ltr'>simplicitatem</span> 
     </span>
     <span class='ocr_line' id='line_1_20' title="bbox 89 1448 1274 1500; baseline 0.002 -14"><span class='ocrx_word' id='word_1_140' title='bbox 89 1448 279 1487; x_wconf 84' lang='lat' dir='ltr'>referebat</span> <span class='ocrx_word' id='word_1_141' title='bbox 309 1449 461 1486; x_wconf 84' lang='lat' dir='ltr'>Hesiodi</span> <span class='ocrx_word' id='word_1_142' title='bbox 494 1450 552 1495; x_wconf 68' lang='lat' dir='ltr'>Vl,</span> <span class='ocrx_word' id='word_1_143' title='bbox 584 1455 655 1488; x_wconf 85' lang='lat'>70:</span> <span class='ocrx_word' id='word_1_144' title='bbox 696 1454 736 1486; x_wconf 88' lang='lat' dir='ltr'>ut</span> <span class='ocrx_word' id='word_1_145' title='bbox 765 1450 801 1486; x_wconf 87' lang='lat' dir='ltr'>id</span> <span class='ocrx_word' id='word_1_146' title='bbox 831 1455 1031 1500; x_wconf 85' lang='lat' dir='ltr'>propterea</span> <span class='ocrx_word' id='word_1_147' title='bbox 1060 1450 1274 1496; x_wconf 82' lang='lat' dir='ltr'>nonnullae,</span> 
     </span>
     <span class='ocr_line' id='line_1_21' title="bbox 90 1516 1275 1569; baseline 0 -15"><span class='ocrx_word' id='word_1_148' title='bbox 90 1516 278 1569; x_wconf 85' lang='lat' dir='ltr'>paululum</span> <span class='ocrx_word' id='word_1_149' title='bbox 307 1516 540 1562; x_wconf 67' lang='lat' dir='ltr'>innwtatae,</span> <span class='ocrx_word' id='word_1_150' title='bbox 573 1516 679 1566; x_wconf 80' lang='lat' dir='ltr'>quasi</span> <span class='ocrx_word' id='word_1_151' title='bbox 709 1516 835 1566; x_wconf 79' lang='lat' dir='ltr'>idyllia</span> <span class='ocrx_word' id='word_1_152' title='bbox 865 1519 1043 1568; x_wconf 71' lang='lat' dir='ltr'>tpiaedam</span> <span class='ocrx_word' id='word_1_153' title='bbox 1075 1517 1275 1555; x_wconf 82' lang='lat' dir='ltr'>Theocriti</span> 
     </span>
     <span class='ocr_line' id='line_1_22' title="bbox 89 1583 1274 1634; baseline 0 -12"><span class='ocrx_word' id='word_1_154' title='bbox 89 1583 231 1622; x_wconf 80' lang='lat' dir='ltr'>rustice</span> <span class='ocrx_word' id='word_1_155' title='bbox 267 1583 501 1622; x_wconf 83' lang='lat' dir='ltr'>conformata</span> <span class='ocrx_word' id='word_1_156' title='bbox 541 1583 659 1622; x_wconf 88' lang='lat' dir='ltr'>videri</span> <span class='ocrx_word' id='word_1_157' title='bbox 690 1589 854 1634; x_wconf 82' lang='lat' dir='ltr'>possent.</span> <span class='ocrx_word' id='word_1_158' title='bbox 917 1586 983 1622; x_wconf 81' lang='lat' dir='ltr'>ilis</span> <span class='ocrx_word' id='word_1_159' title='bbox 1015 1590 1138 1622; x_wconf 87' lang='lat' dir='ltr'>autem</span> <span class='ocrx_word' id='word_1_160' title='bbox 1171 1586 1274 1622; x_wconf 82' lang='lat' dir='ltr'>blan-</span> 
     </span>
     <span class='ocr_line' id='line_1_23' title="bbox 90 1651 1271 1703; baseline 0 -14"><span class='ocrx_word' id='word_1_161' title='bbox 90 1651 210 1698; x_wconf 84' lang='lat' dir='ltr'>ditiis,</span> <span class='ocrx_word' id='word_1_162' title='bbox 246 1663 337 1702; x_wconf 87' lang='lat' dir='ltr'>quas</span> <span class='ocrx_word' id='word_1_163' title='bbox 368 1651 623 1701; x_wconf 64' lang='lat' dir='ltr'>adsperserint,</span> <span class='ocrx_word' id='word_1_164' title='bbox 664 1651 841 1702; x_wconf 67' lang='lat' dir='ltr'>Virgilius</span> <span class='ocrx_word' id='word_1_165' title='bbox 871 1652 1020 1702; x_wconf 81' lang='lat' dir='ltr'>saepius</span> <span class='ocrx_word' id='word_1_166' title='bbox 1045 1652 1122 1703; x_wconf 77' lang='lat' dir='ltr'>jani</span> <span class='ocrx_word' id='word_1_167' title='bbox 1153 1653 1271 1690; x_wconf 62' lang='lat' dir='ltr'>azaico</span> 
     </span>
     <span class='ocr_line' id='line_1_24' title="bbox 89 1717 1272 1770; baseline 0.001 -14"><span class='ocrx_word' id='word_1_168' title='bbox 89 1719 197 1770; x_wconf 85' lang='lat' dir='ltr'>plura</span> <span class='ocrx_word' id='word_1_169' title='bbox 226 1718 352 1769; x_wconf 81' lang='lat' dir='ltr'>idyllia</span> <span class='ocrx_word' id='word_1_170' title='bbox 381 1718 523 1769; x_wconf 86' lang='lat' dir='ltr'>petenti</span> <span class='ocrx_word' id='word_1_171' title='bbox 555 1717 663 1755; x_wconf 83' lang='lat' dir='ltr'>facile</span> <span class='ocrx_word' id='word_1_172' title='bbox 695 1731 912 1768; x_wconf 82' lang='lat' dir='ltr'>responsum</span> <span class='ocrx_word' id='word_1_173' title='bbox 950 1720 1130 1757; x_wconf 77' lang='lat' dir='ltr'>hahuerit.</span> <span class='ocrx_word' id='word_1_174' title='bbox 1191 1721 1272 1758; x_wconf 78' lang='lat' dir='ltr'>Mo-</span> 
     </span>
     <span class='ocr_line' id='line_1_25' title="bbox 89 1786 1269 1837; baseline 0 -12"><span class='ocrx_word' id='word_1_175' title='bbox 89 1787 195 1826; x_wconf 83' lang='lat' dir='ltr'>deste</span> <span class='ocrx_word' id='word_1_176' title='bbox 211 1786 342 1824; x_wconf 79' lang='lat' dir='ltr'>Gallus</span> <span class='ocrx_word' id='word_1_177' title='bbox 373 1786 497 1823; x_wconf 86' lang='lat' dir='ltr'>tibiam</span> <span class='ocrx_word' id='word_1_178' title='bbox 527 1786 598 1823; x_wconf 84' lang='lat' dir='ltr'>sihi</span> <span class='ocrx_word' id='word_1_179' title='bbox 628 1786 744 1837; x_wconf 83' lang='lat' dir='ltr'>elegit</span> <span class='ocrx_word' id='word_1_180' title='bbox 774 1800 821 1823; x_wconf 80' lang='lat' dir='ltr'>cx</span> <span class='ocrx_word' id='word_1_181' title='bbox 852 1787 961 1824; x_wconf 76' lang='lat' dir='ltr'>unius</span> <span class='ocrx_word' id='word_1_182' title='bbox 992 1788 1098 1825; x_wconf 88' lang='lat' dir='ltr'>culmi</span> <span class='ocrx_word' id='word_1_183' title='bbox 1129 1788 1269 1834; x_wconf 87' lang='lat' dir='ltr'>tuhulo,</span> 
     </span>
     <span class='ocr_line' id='line_1_26' title="bbox 90 1853 1270 1905; baseline 0 -13"><span class='ocrx_word' id='word_1_184' title='bbox 90 1867 229 1892; x_wconf 74' lang='lat' dir='ltr'>avena</span> <span class='ocrx_word' id='word_1_185' title='bbox 262 1854 288 1898; x_wconf 82' lang='lat' dir='ltr'>l,</span> <span class='ocrx_word' id='word_1_186' title='bbox 322 1858 364 1899; x_wconf 79' lang='lat'>2,</span> <span class='ocrx_word' id='word_1_187' title='bbox 394 1853 694 1905; x_wconf 76' lang='lat' dir='ltr'>significaturus,</span> <span class='ocrx_word' id='word_1_188' title='bbox 725 1867 765 1890; x_wconf 84' lang='lat' dir='ltr'>se</span> <span class='ocrx_word' id='word_1_189' title='bbox 796 1855 922 1891; x_wconf 79' lang='lat' dir='ltr'>modos</span> <span class='ocrx_word' id='word_1_190' title='bbox 955 1860 1094 1892; x_wconf 69' lang='lat' dir='ltr'>tantuin</span> <span class='ocrx_word' id='word_1_191' title='bbox 1126 1855 1270 1893; x_wconf 81' lang='lat' dir='ltr'>infimos</span> 
     </span>
     <span class='ocr_line' id='line_1_27' title="bbox 90 1921 1269 1971; baseline 0.003 -12"><span class='ocrx_word' id='word_1_192' title='bbox 90 1921 344 1960; x_wconf 65' lang='lat' dir='ltr'>&#39;l&#39;heocriteac</span> <span class='ocrx_word' id='word_1_193' title='bbox 375 1921 536 1957; x_wconf 78' lang='lat' dir='ltr'>musicae</span> <span class='ocrx_word' id='word_1_194' title='bbox 567 1921 810 1971; x_wconf 79' lang='lat' dir='ltr'>aequiparare</span> <span class='ocrx_word' id='word_1_195' title='bbox 841 1923 944 1960; x_wconf 84' lang='lat' dir='ltr'>velle.</span> <span class='ocrx_word' id='word_1_196' title='bbox 987 1923 1156 1961; x_wconf 63' lang='lat' dir='ltr'>Van-ictos</span> <span class='ocrx_word' id='word_1_197' title='bbox 1187 1939 1269 1962; x_wconf 80' lang='lat' dir='ltr'>me-</span> 
     </span>
     <span class='ocr_line' id='line_1_28' title="bbox 92 1988 1269 2034; baseline 0 -7"><span class='ocrx_word' id='word_1_198' title='bbox 92 1990 267 2028; x_wconf 73' lang='lat' dir='ltr'>ditabor</span> <span class='ocrx_word' id='word_1_199' title='bbox 306 1988 466 2026; x_wconf 83' lang='lat' dir='ltr'>manavit</span> <span class='ocrx_word' id='word_1_200' title='bbox 503 2002 549 2026; x_wconf 83' lang='lat' dir='ltr'>cx</span> <span class='ocrx_word' id='word_1_201' title='bbox 590 1989 621 2034; x_wconf 90' lang='lat' dir='ltr'>l,</span> <span class='ocrx_word' id='word_1_202' title='bbox 667 1994 701 2027; x_wconf 75' lang='lat'>2.</span> <span class='ocrx_word' id='word_1_203' title='bbox 770 1990 927 2027; x_wconf 77' lang='lat' dir='ltr'>l&#39;ractci·</span> <span class='ocrx_word' id='word_1_204' title='bbox 969 2004 1117 2028; x_wconf 84' lang='lat' dir='ltr'>carmen</span> <span class='ocrx_word' id='word_1_205' title='bbox 1161 1992 1269 2029; x_wconf 80' lang='lat' dir='ltr'>inodo</span> 
     </span>
     <span class='ocr_line' id='line_1_29' title="bbox 89 2056 1268 2107; baseline 0.001 -12"><span class='ocrx_word' id='word_1_206' title='bbox 89 2061 231 2095; x_wconf 79' lang='lat' dir='ltr'>tactum</span> <span class='ocrx_word' id='word_1_207' title='bbox 273 2056 480 2093; x_wconf 78' lang='lat' dir='ltr'>miserabile</span> <span class='ocrx_word' id='word_1_208' title='bbox 511 2056 640 2093; x_wconf 76' lang='lat' dir='ltr'>Gallus</span> <span class='ocrx_word' id='word_1_209' title='bbox 679 2061 751 2093; x_wconf 79' lang='lat' dir='ltr'>tuin</span> <span class='ocrx_word' id='word_1_210' title='bbox 790 2058 964 2107; x_wconf 83' lang='lat' dir='ltr'>temporis</span> <span class='ocrx_word' id='word_1_211' title='bbox 996 2059 1199 2095; x_wconf 83' lang='lat' dir='ltr'>nullasdum</span> <span class='ocrx_word' id='word_1_212' title='bbox 1232 2060 1268 2096; x_wconf 92' lang='lat' dir='ltr'>in</span> 
     </span>
     <span class='ocr_line' id='line_1_30' title="bbox 90 2123 1269 2178; baseline 0.002 -16"><span class='ocrx_word' id='word_1_213' title='bbox 90 2124 254 2175; x_wconf 86' lang='lat' dir='ltr'>Lycorin</span> <span class='ocrx_word' id='word_1_214' title='bbox 285 2124 428 2176; x_wconf 76' lang='lat' dir='ltr'>elegias</span> <span class='ocrx_word' id='word_1_215' title='bbox 457 2123 653 2174; x_wconf 78' lang='lat' dir='ltr'>scripsisse</span> <span class='ocrx_word' id='word_1_216' title='bbox 683 2124 826 2162; x_wconf 81' lang='lat' dir='ltr'>videtur</span> <span class='ocrx_word' id='word_1_217' title='bbox 858 2139 889 2163; x_wconf 88' lang='lat' dir='ltr'>v.</span> <span class='ocrx_word' id='word_1_218' title='bbox 921 2132 959 2171; x_wconf 75' lang='grc'>9,</span> <span class='ocrx_word' id='word_1_219' title='bbox 992 2139 1100 2176; x_wconf 82' lang='lat' dir='ltr'>quum</span> <span class='ocrx_word' id='word_1_220' title='bbox 1122 2128 1269 2178; x_wconf 74' lang='lat' dir='ltr'>Eupho-</span> 
     </span>
     <span class='ocr_line' id='line_1_31' title="bbox 91 2190 1267 2246; baseline 0.001 -16"><span class='ocrx_word' id='word_1_221' title='bbox 91 2192 211 2230; x_wconf 80' lang='lat' dir='ltr'>rionis</span> <span class='ocrx_word' id='word_1_222' title='bbox 247 2196 389 2229; x_wconf 81' lang='lat' dir='ltr'>tantuin</span> <span class='ocrx_word' id='word_1_223' title='bbox 428 2191 463 2228; x_wconf 91' lang='lat' dir='ltr'>in</span> <span class='ocrx_word' id='word_1_224' title='bbox 495 2192 655 2229; x_wconf 85' lang='lat' dir='ltr'>Arcadia</span> <span class='ocrx_word' id='word_1_225' title='bbox 694 2190 837 2229; x_wconf 77' lang='lat' dir='ltr'>sahulas</span> <span class='ocrx_word' id='word_1_226' title='bbox 866 2193 934 2230; x_wconf 90' lang='lat' dir='ltr'>sihi</span> <span class='ocrx_word' id='word_1_227' title='bbox 965 2195 1152 2232; x_wconf 86' lang='lat' dir='ltr'>canendas</span> <span class='ocrx_word' id='word_1_228' title='bbox 1183 2209 1267 2246; x_wconf 89' lang='lat' dir='ltr'>pro-</span> 
     </span>
     <span class='ocr_line' id='line_1_32' title="bbox 91 2259 1267 2312; baseline 0.002 -14"><span class='ocrx_word' id='word_1_229' title='bbox 91 2264 219 2312; x_wconf 83' lang='lat' dir='ltr'>ponat.</span> <span class='ocrx_word' id='word_1_230' title='bbox 279 2260 428 2298; x_wconf 79' lang='lat' dir='ltr'>Certum</span> <span class='ocrx_word' id='word_1_231' title='bbox 467 2264 543 2308; x_wconf 84' lang='lat' dir='ltr'>est,</span> <span class='ocrx_word' id='word_1_232' title='bbox 589 2259 705 2297; x_wconf 79' lang='lat' dir='ltr'>turbis</span> <span class='ocrx_word' id='word_1_233' title='bbox 737 2259 817 2297; x_wconf 83' lang='lat' dir='ltr'>istis</span> <span class='ocrx_word' id='word_1_234' title='bbox 847 2260 1030 2298; x_wconf 83' lang='lat' dir='ltr'>hominum</span> <span class='ocrx_word' id='word_1_235' title='bbox 1062 2276 1094 2299; x_wconf 90' lang='lat' dir='ltr'>v.</span> <span class='ocrx_word' id='word_1_236' title='bbox 1128 2266 1179 2300; x_wconf 76' lang='lat'>44</span> <span class='ocrx_word' id='word_1_237' title='bbox 1209 2277 1267 2299; x_wconf 85' lang='lat' dir='ltr'>re-</span> 
     </span>
    </p>
   </div>
  </div>
 </body>
</html>
