1515 2620
230 148 318 190 224
600 140 804 178 ECLOGA
835 139 885 185 X,
915 144 1094 181 57—63.

228 269 310 295 cum
340 252 518 304 Nymphis
548 251 753 290 Heliconiis
783 254 949 290 πλεῖστα
978 251 1231 302 συμπαίζειν,
1261 255 1414 294 crebras

229 325 386 362 choreas
426 333 556 373 agere.
616 320 754 357 Orator
783 320 989 366 Himerius,
1034 320 1096 371 qui
1132 320 1268 358 multos
1302 321 1415 360 flores

229 395 424 442 poetarum
454 388 731 439 deperditorum
759 388 927 440 spargit,
959 402 1020 425 or.
1052 388 1087 433 l,
1121 391 1174 426 20
1203 387 1251 425 ad
1280 387 1415 427 festum

228 458 324 495 diem
355 456 541 508 agendum
571 456 700 493 Musas
730 460 768 493 et
790 456 971 494 Nereides
1001 462 1039 493 et
1069 455 1204 493 choros
1232 455 1416 507 Nympha-

228 538 308 562 rum
340 529 468 570 vocat,
512 528 550 560 et
579 535 712 562 sonum
745 523 934 574 Dryadum
965 529 1003 561 ct
1032 523 1211 561 salientes
1242 523 1416 574 Satyros,

228 593 409 643 Panaque
438 592 601 630 calamos
632 590 821 628 inflantem
851 597 889 629 ct
919 596 1036 628 totam
1058 591 1196 629 Bacchi
1228 591 1415 630 choream.

229 660 313 698 Alio
351 661 435 697 loco
473 659 569 705 XX,
610 664 632 698 2
673 659 810 696 circum
847 659 1076 710 Apollinem,
1114 658 1176 710 qui
1214 659 1261 696 ad
1298 659 1418 709 lyram

228 728 341 774 canit,
374 741 448 765 non
479 727 587 764 modo
610 727 738 764 Musas
768 726 908 764 saltare
939 726 1041 773 facit,
1071 727 1138 764 sed
1168 726 1279 765 etiam
1295 727 1416 777 Drya-

229 796 296 834 das
333 800 371 833 et
409 795 596 841 Oreades,
637 808 752 846 quae
781 802 884 832 tunc
912 795 1148 833 illusarum
1178 792 1324 834 instar
1351 795 1417 833 lna-

229 863 381 901 bentur:
424 861 474 901 cf.
503 876 540 901 v.
571 868 606 901 1.
642 867 706 901 10.
795 862 1048 901 'cautionem
1085 862 1156 900 sibi
1186 862 1316 901 Gallus
1353 863 1417 901 he-

228 931 354 969 roicus
384 930 630 982 periculosam
662 930 772 982 eligit
795 931 891 967 acris
911 932 1012 978 seri
1042 934 1158 978 apri,
1189 930 1416 968 laboriosam

229 999 267 1037 in
298 999 418 1037 media
445 997 583 1037 ltieme
613 998 684 1036 Lb.
714 999 749 1044 l,
782 1004 882 1044 3183
921 998 1172 1048 pacatioribus
1203 998 1415 1050 pastoribus

228 1067 463 1118 relinquenS,
494 1072 535 1103 ut
564 1066 659 1117 pedo
690 1079 758 1103 suo
790 1065 840 1112 V,
873 1071 947 1110 88,
977 1065 1009 1102 si
1039 1065 1092 1103 ita
1121 1064 1220 1103 ferat
1250 1066 1416 1112 occasio,

229 1135 276 1172 ad
306 1134 454 1186 lepores
483 1133 690 1179 feriendos,
723 1127 975 1184 7.c1.7wssd).og,
1006 1137 1170 1170 utantur.
1227 1130 1416 1171 Par-tlte-

228 1205 323 1240 m‘os
363 1201 443 1241 sive
471 1199 764 1247 Parthenion,
813 1205 959 1238 montes
997 1201 1095 1238 ultra
1125 1200 1416 1252 Stymplialidem

228 1270 424 1322 paludem,
471 1269 534 1320 qui
571 1269 617 1307 ab
660 1282 756 1321 agro
786 1269 972 1321 Tegeaeo
1009 1268 1057 1306 ad
1086 1268 1268 1322 Argivum
1297 1281 1416 1320 usque

228 1337 533 1389 porrigebantur.
608 1338 787 1383 Saltus,
844 1337 1034 1375 com-alles
1078 1337 1271 1376 silvestres
1316 1336 1416 1374 inter

229 1417 341 1455 rupes
371 1405 524 1455 supinas
555 1410 594 1443 et
623 1405 801 1451 declivia,
837 1418 993 1456 quorum
1022 1405 1176 1458 angusti
1205 1404 1329 1443 aditus
1358 1403 1416 1442 fa-

228 1472 299 1510 cile
329 1471 493 1509 obsideri
523 1477 710 1522 poterant.

344 1543 523 1578 57—63.
556 1539 750 1591 Cogitatio
781 1539 992 1578 venationis
1022 1540 1227 1578 Arcadicae
1256 1539 1415 1577 animum

230 1606 329 1645 Galli
362 1607 548 1657 jacentem
579 1607 767 1657 paulisper
797 1606 922 1657 erigit.
982 1607 1152 1657 Repente
1182 1607 1414 1652 recordatur,

228 1675 325 1712 lianc
355 1687 501 1725 quoquc
532 1674 594 1712 vix
626 1675 707 1725 ejus
736 1673 938 1712 cruciatum
969 1674 1086 1711 lenire
1115 1687 1240 1725 posse.
1284 1675 1415 1724 ltaque

229 1742 337 1780 simul
373 1755 453 1780 cum
491 1755 536 1779 ca
574 1742 722 1780 choreis
753 1754 899 1792 quoque
930 1741 1175 1792 Nympharum
1207 1742 1414 1788 renunciat,

229 1815 267 1848 et
297 1810 522 1848 carminibus
552 1809 744 1856 bucolicis,
777 1823 871 1860 quae
902 1810 998 1860 apud
1017 1823 1057 1847 se
1077 1810 1308 1856 decreverat,
1340 1810 1412 1847 imo

229 1877 322 1929 ipsis
338 1878 521 1915 Arcadiae
551 1878 718 1915 saltibus.
750 1900 805 1905 --
835 1877 1014 1929 Magnum
1044 1877 1201 1915 animum
1221 1878 1415 1928 nisumque

231 1951 362 1984 contra
399 1945 511 1982 animi
549 1945 734 1983 libidinem
765 1945 906 1983 virilem
938 1946 1094 1993 indicat,
1134 1946 1232 1997 quod
1263 1945 1413 1984 venatio

230 2013 404 2059 hiberna,
445 2019 483 2051 et
520 2013 693 2050 incedere
724 2027 817 2051 saxa
849 2013 946 2051 inter
976 2021 1174 2065 praerupta
1204 2020 1241 2052 et
1271 2013 1414 2065 praeci-

231 2081 323 2133 pitia
355 2078 524 2132 (rupes)
558 2089 595 2119 ct
624 2081 735 2120 silvas
766 2081 974 2119 condensas
1007 2082 1114 2131 (luci
1133 2083 1226 2129 l'lll,
1259 2081 1344 2133 56),
1376 2082 1413 2119 in

232 2149 364 2200 quibus
395 2149 557 2200 procella
587 2155 624 2187 et
655 2150 792 2187 elamor
822 2149 1013 2188 venaticus
1042 2159 1185 2196 sonat,
1218 2165 1300 2189 cum
1330 2151 1414 2188 telis

234 2217 375 2254 eminus
407 2216 639 2263 ferientibus,
672 2223 743 2255 tam
775 2218 809 2255 ci
840 2218 974 2255 lactum
1006 2218 1163 2256 videtur.
1212 2219 1412 2257 Praestan-

235 2283 310 2322 tine
341 2297 455 2322 causa
484 2298 635 2322 arcum.
666 2285 828 2337 appellat
857 2284 1132 2333 Parthicum,
1176 2292 1214 2325 ct
1250 2286 1433 2339 sagittas!
