1515 2620
186 168 272 207 ‚52
497 154 702 194 ECLOGA
734 153 832 199 vm,
863 154 1044 191 64—-67,

183 273 444 323 proposuerat,
475 269 738 319 argumentum
768 266 963 302 emunctae
988 261 1090 298 naris
1114 265 1261 311 poetam
1285 266 1371 300 coe·-

184 339 256 391 git,
272 342 313 374 ut
331 349 406 373 rem
425 346 586 385 peregre
605 336 780 383 poneret:
802 335 840 368 et
855 329 918 367 ubi
935 329 1084 368 tandem
1096 327 1216 379 magis
1228 328 1372 375 idonee,

185 417 292 455 quam
312 403 348 439 in
370 400 597 438 Thessalia}
628 399 737 436 ltalia
754 398 899 448 quidem
920 402 958 434 et
977 396 1058 446 ipsa
1074 396 1221 432 Marsas
1238 393 1375 431 offere-

185 471 248 508 bat
277 473 316 506 et
341 467 513 505 Sabellus
544 479 675 516 magas
699 466 789 501 Hor.
815 464 932 514 Epod.
955 463 1075 508 xvn,
1103 467 1176 507 283
1202 460 1251 497 ibi
1270 473 1373 506 vero,

185 535 358 587 quoniam
378 547 498 585 poena
516 533 740 571 vetabantur
759 531 939 583 legitima,
962 529 1117 566 humiles
1135 528 1294 565 maxime
1315 539 1378 565 ve-

185 603 286 640 tulae
312 601 506 651 negotium
524 600 560 636 id
584 599 809 636 factitabant
829 598 934 636 ovid.
954 597 1048 634 Am.
1071 598 1099 642 l,
1131 602 1168 635 8.
1185 595 1311 632 Fast.
1331 594 1378 638 ll,

186 674 281 715 571,
308 681 461 718 (piarum
489 667 690 716 descriptio
720 666 867 716 putidas
886 665 1017 701 sordes
1038 668 1247 700 nostrarum
1266 674 1378 699 vene·

184 735 339 774 sicarum
366 734 645 783 adaequaverit.
708 733 746 768 ln
770 732 973 769 Thessalia
991 736 1114 768 autem
1139 728 1379 767 artificiosius

183 803 221 840 id
239 803 500 840 adolescentes
517 812 664 848 quoque
681 799 827 848 puellae
845 805 883 835 et
899 804 1090 835 matronae
1100 795 1382 834 etiamnobilio·

185 882 246 906 res
257 868 499 911 exercebant,
511 866 608 915 quod
618 878 664 902 cx
675 864 979 916 Amlmlogicoe
989 865 1270 917 epigrammate,
1280 862 1379 913 quod

186 936 233 972 ad
262 948 299 972 v.
331 938 383 972 68
416 932 596 978 dabimus,
628 937 666 969 et
696 932 804 969 asino
837 932 997 969 Luciani
1028 932 1176 983 magico
1207 934 1377 981 apparet.

186 1001 362 1038 Eamdem
402 1000 448 1037 ob
487 1013 562 1037 rem
595 999 776 1050 Virgilius
806 1012 896 1036 suae
927 999 1108 1035 Canidiae
1139 1010 1273 1034 nomen
1305 1009 1378 1032 nou

185 1066 287 1104 dedit
307 1066 549 1104 domesticum
573 1067 704 1115 Saga
734 1066 812 1103 sive
843 1078 938 1102 anus
968 1064 1148 1108 venefica,
1179 1064 1246 1100 sed
1260 1065 1379 1099 Grae-

185 1146 267 1172 cum
297 1132 685 1177 Pharmaceutria,
722 1132 767 1168 ad
801 1132 900 1180 quod
931 1132 1123 1166 Romanus
1154 1128 1382 1166 Thessaliae

185 1200 363 1251 imprimis
395 1199 667 1237 recordabatur
697 1212 730 1236 v.
764 1202 829 1236 69.
891 1198 1040 1247 Hypata
1070 1196 1177 1242 urbs,
1209 1195 1273 1233 ubi
1304 1195 1381 1232 Lu-

187 1267 296 1304 ciano
337 1271 378 1303 ut
408 1279 483 1303 rem
516 1266 699 1317 magicam
730 1278 833 1302 suam
865 1265 1070 1302 collocaret
1099 1263 1197 1300 fama
1228 1262 1383 1313 popula-

188 1334 239 1370 ris
284 1331 489 1377 suadebat,
536 1333 581 1369 ab
624 1332 784 1383 regione
829 1332 949 1369 nostri
994 1330 1208 1369 certaminis
1255 1328 1385 1366 musici

188 1412 263 1436 uon
295 1400 445 1436 multum
477 1400 619 1437 aberat.
681 1399 891 1449 Sophronis
923 1399 1113 1436 mulierum
1135 1399 1383 1434 Hecatearum

188 1465 444 1509 adumbratio,
484 1477 592 1513 quam
624 1466 875 1509 Theocritus,
908 1467 988 1515 ejus
1021 1465 1230 1515 popularis,
1264 1463 1299 1500 in
1332 1462 1385 1499 al-

189 1537 272 1569 tero
305 1531 433 1580 idyllio
465 1531 693 1575 imitabatur,
726 1531 772 1567 ad
797 1532 1008 1580 Syracusas
1040 1531 1164 1580 potius
1197 1529 1386 1580 pertinue-

190 1599 252 1643 rit,
284 1610 356 1647 quo
388 1598 606 1646 superstitio
638 1603 878 1633 emanaverat
908 1598 1147 1634 Thessalica,
1208 1597 1307 1634 Ara
1333 1597 1386 1633 lo-

192 1677 273 1701 cum
305 1663 519 1713 requirebat
550 1663 617 1699 sub
650 1663 732 1708 dio,
764 1668 802 1700 et
832 1663 991 1713 quidem,
1023 1665 1122 1713 quod
1153 1664 1189 1700 iu
1221 1664 1388 1701 Aeneide

192 1735 252 1769 est
291 1731 360 1776 lV,
401 1734 502 1774 504,
543 1730 577 1766 in
611 1729 790 1766 interiore
822 1731 945 1766 avla.
1006 1730 1087 1766 Huc
1107 1732 1245 1776 foras
1276 1744 1388 1781 appa-

193 1801 298 1834 ratus
329 1796 498 1847 magicus
529 1809 549 1833 e
580 1797 688 1833 domo
712 1796 945 1846 portabatur.
1007 1796 1129 1848 lgitur
1152 1797 1277 1846 ffer,
1312 1809 1387 1834 non

194 1863 312 1912 affer
356 1863 500 1912 aliquot
544 1863 721 1900 librorum
769 1868 1005 1913 corruptum,
1056 1863 1115 1900 cui
1152 1864 1389 1901 Burmannu-

195 1929 466 1980 patrocinatur.
528 1930 566 1966 lu
611 1943 701 1967 area
739 1930 899 1967 subdiali
939 1930 1261 1980 pharmaceutriae
1300 1943 1390 1980 quo-

196 2008 269 2045 que
311 1995 568 2033 Theocritcae
613 1998 723 2033 sedes
767 2003 824 2032 est
865 1995 1122 2042 informanda,
1172 2010 1390 2046 quamquam

198 2074 273 2099 non
292 2064 431 2109 foras
461 2075 507 2100 ea
536 2062 676 2100 diserte
706 2063 924 2101 vocabulum
957 2065 1118 2101 clamare
1148 2063 1316 2101 volebat:

289 2137 467 2179 Thestyli,
495 2137 618 2181 philtra
644 2138 700 2171 ubi
725 2137 833 2172 sunt?
859 2138 934 2181 fer,
962 2138 1137 2181 Thestyli!
1177 2138 1230 2171 ser
1254 2148 1391 2182 quoque

399 2192 532 2226 lauros!

201 2258 335 2309 Aqua
380 2262 590 2299 lustralis
628 2263 760 2314 spargi
797 2262 944 2300 solebat
982 2263 1018 2300 in
1056 2263 1175 2301 sacris
1212 2262 1391 2314 mag-ictu
