1472 2620
473 146 675 186 ncLocA
705 146 772 192 vi,
818 150 882 186 61.
1204 154 1265 195 55

104 259 190 297 dida
210 264 376 296 armenta
393 265 432 296 et
443 258 523 296 Soli
539 264 698 304 sacrata,
716 271 809 309 quae
830 259 864 296 in
876 263 1019 297 montes
1030 272 1101 297 non
1112 260 1268 311 compel-

102 326 283 372 lebantur,
294 340 421 377 eaque,
437 326 532 377 quod
546 325 740 364 verisimile
752 332 819 371 est,
829 326 874 363 ab
884 327 990 377 liujus
999 326 1075 365 filia
1086 328 1266 379 Pasiphae

103 394 300 432 custodita.
330 395 422 441 Huc,
440 398 553 444 optat,
577 398 617 430 ut
635 406 729 430 nuuc
748 400 902 431 amatum
920 399 1074 440 taurum,
1091 395 1169 433 sive
1185 408 1268 446 pas·

104 474 173 498 cua
188 462 266 500 sive
284 462 415 513 gregis
432 460 615 512 appetitus
642 474 720 497 eum
741 462 775 498 in
789 462 935 498 deserta
947 462 1152 507 deduxerit,
1168 467 1267 513 post-

104 542 211 579 quam
222 529 317 567 devii
328 529 490 566 tramites
499 528 612 565 clausi
623 527 770 573 fuerint,
783 541 847 579 per
856 529 997 578 aliquas
1009 529 1268 579 pulcherrima-

104 608 183 632 rum
215 608 404 634 vaccarum
436 596 581 634 allicere
610 595 739 646 possit.
798 595 1007 632 institutum
1038 602 1075 632 et
1099 603 1268 633 eventum

105 662 196 699 artis
225 661 437 701 Daedaleae
467 668 595 701 cantor
624 662 766 700 reticet.
825 663 900 699 Pro
922 663 1048 709 forte
1078 661 1189 700 Hafn.
1223 664 1268 703 C·

106 740 207 776 sepe
247 730 376 777 babet3
434 736 472 769 et
509 730 617 782 paulo
654 734 738 780 post
773 737 854 767 aut
888 728 1021 767 herba
1057 732 1104 767 in
1135 730 1269 767 viridi

104 805 295 844 captum,
333 799 430 848 quod
468 799 695 835 Burmannus
732 810 780 834 cx
820 797 987 835 Mediceo
1016 794 1190 834 herbam
1219 796 1271 835 le-

107 864 267 916 gendum
298 878 381 902 esse
411 866 676 915 suspicabatur.

219 935 284 969 61.
341 932 621 976 Atalantam,
664 930 847 967 Schoenei
886 930 919 966 in
952 929 1126 976 Boeotia,
1175 930 1271 981 quod

108 997 170 1036 alii
208 998 356 1046 dicunt,
398 998 433 1036 in
474 998 653 1051 Argolide
690 1002 755 1035 aut
784 997 818 1033 in
851 997 970 1034 insula
1000 998 1117 1047 Scyro
1148 996 1272 1045 filiam,

108 1071 303 1104 venustate
341 1071 379 1104 et
408 1066 598 1104 celeritate
628 1065 781 1111 claram,
821 1065 1008 1102 oraculum
1039 1078 1059 1102 a
1090 1064 1274 1101 matrimo-

110 1132 172 1170 nio
211 1133 441 1172 dehortatum
479 1133 612 1171 fuerat.
672 1132 796 1173 Quare
834 1145 913 1169 cum
952 1131 1073 1182 procis
1104 1137 1207 1182 pater
1236 1130 1274 1169 id

111 1205 240 1251 pactus
281 1206 357 1247 est,
409 1207 451 1238 ut
488 1214 597 1239 cursu
639 1200 695 1238 vel
740 1200 785 1237 de
826 1199 965 1250 nuptiis
995 1199 1051 1237 vel
1083 1199 1127 1235 de
1157 1202 1275 1236 morte

110 1273 328 1307 certaretur.
386 1269 594 1315 Permulta,
645 1280 738 1317 quae
778 1279 844 1316 pro
884 1266 1047 1317 tropaeis
1088 1266 1122 1303 in
1154 1266 1274 1303 stadio

111 1340 237 1380 erant,
280 1336 515 1373 deterrebant
545 1334 683 1385 capita,
723 1346 829 1384 quum
860 1333 1168 1381 Hippomenes,
1198 1334 1276 1370 Me·

112 1402 219 1454 garei
268 1403 458 1440 Onchestii
510 1402 625 1446 filius,
683 1400 844 1451 Neptuni
885 1414 1018 1450 nepos,
1071 1399 1274 1437 adveniret.

111 1469 236 1506 Venus
266 1469 360 1507 mala
391 1471 423 1508 ei
453 1483 566 1507 aurea
596 1469 769 1506 dederat:
802 1480 908 1517 quae,
940 1466 1157 1516 simulatque
1187 1466 1277 1503 Ata-

113 1537 214 1575 lanta
248 1550 357 1575 cursu
397 1550 475 1575 eum
508 1536 692 1588 praeibat,
737 1535 884 1587 singula
914 1534 950 1571 in
982 1534 1075 1572 viam
1105 1532 1276 1583 conjecit,

114 1603 248 1656 illaque
276 1605 359 1643 dum
389 1605 635 1642 admirabilem
667 1603 824 1641 fructum
856 1602 1027 1653 collegit,
1069 1602 1115 1638 ad
1144 1604 1277 1637 metam

117 1671 196 1723 ipse
247 1673 516 1724 approperavit.
586 1672 714 1708 Victor
759 1674 880 1707 autem
926 1668 1098 1718 quoniam
1136 1666 1278 1719 gratias

118 1740 272 1779 reddere
302 1740 598 1786 obliviscebatur,
629 1740 752 1776 Venus
785 1750 865 1774 eum
895 1734 1100 1787 instigavit,
1130 1738 1171 1771 ut
1197 1744 1278 1770 cum

119 1820 255 1858 sponsa
290 1821 358 1846 sua
394 1808 552 1858 Cybeles
590 1807 625 1844 in
656 1804 820 1843 sacrario
851 1802 1127 1840 concumberet:
1173 1812 1279 1850 quam

120 1874 166 1912 ad
195 1888 270 1912 rem
301 1875 544 1912 ulciscendam
576 1886 705 1912 severa
736 1872 803 1908 dea
829 1870 972 1908 leonum
997 1868 1122 1906 formis
1143 1872 1279 1905 utrum-

120 1954 191 1992 que
219 1941 356 1986 induit,
387 1945 424 1979 et
447 1942 543 1992 jugo
568 1939 705 1992 junxit.
764 1936 990 1976 Theocritus
1021 1936 1091 1983 ΙΙΙ,
1122 1939 1196 1975 4οι

209 2017 442 2061 Hippomenes
464 2017 597 2060 quando
621 2015 725 2049 voluit
749 2014 812 2048 sibi
836 2014 958 2047 ducere
982 2017 1138 2056 nuptam:

209 2073 354 2107 Cursum
379 2075 465 2106 mala
490 2084 588 2106 manu
613 2071 752 2116 perfecit
775 2071 912 2104 habens.
961 2070 1118 2103 Atalanta

210 2130 255 2164 Ut
278 2129 385 2164 videt!
420 2133 455 2162 ut
479 2128 575 2162 furit!
609 2132 645 2161 ut
668 2132 738 2162 toto
762 2138 798 2161 se
821 2126 992 2167 immergit
1014 2121 1146 2158 amore!

128 2199 263 2238 Eadem
299 2197 526 2249 posteriores
563 2198 607 2234 de
643 2197 819 2236 Atalanta
855 2195 1087 2238 fabulantur,
1132 2192 1281 2230 heroide

125 2265 324 2312 Arcadica,
365 2265 436 2304 Iasi
466 2263 588 2316 (iasii,
628 2264 802 2316 lusionis)
830 2262 924 2308 filia,
962 2274 1055 2312 quae
1087 2271 1178 2352 ἓιίτο
1209 2261 1283 2298 Ga·-
