1472 2620
163 132 225 173 4ss
492 126 693 164 ECLoGA
724 126 784 171 vl,
816 131 1009 165 67—71.

163 239 360 289 populares
390 239 470 289 ejus
500 238 677 288 Amphion
708 238 753 284 ll,
786 242 852 277 24.
883 243 920 276 et
950 239 1145 285 Hesiodus,
1172 249 1326 289 pastor

162 306 278 344 fuisse
308 307 465 344 videtur.
525 305 735 353 Divinus,
777 319 799 344 a
829 306 898 343 deo
929 305 1136 343 concitatus
1165 307 1216 353 V,
1260 313 1326 347 45.

163 375 220 411 Ex
260 376 361 422 apio
394 371 517 424 (cujus
547 374 665 411 altera
694 374 836 424 species
867 379 924 410 est
955 378 1165 410 montanum
1196 374 1326 424 apium,

164 442 453 478 oreoselizmm
483 446 520 478 et
546 442 871 490 petroselinum,
901 440 1064 490 Apinm
1094 440 1330 479 petroseli-

162 521 261 546 mtm
305 507 385 553 L.;
441 508 577 554 altera,
626 509 788 559 palustre
825 508 963 559 apium,
1009 506 1330 556 heleoseliuum,

162 575 325 625 Apium
366 574 635 614 Graeeoleas
666 576 720 613 L.
751 576 820 614 Lb.
852 576 919 622 Π,
960 579 1069 626 121.)
1101 582 1200 613 serta
1231 582 1333 614 vete·

163 656 224 681 res
254 644 300 680 ad
331 642 484 680 inferias
515 644 754 689 adhibebant3
784 644 881 681 unde
911 642 1088 694 suspicari
1118 643 1214 689 licet,
1246 643 1332 681 Lini

164 724 310 761 quoque
352 711 388 748 iu
421 710 562 748 inferiis
593 711 676 762 apio
708 712 786 762 ejus
816 710 1014 762 imaginem
1044 711 1240 761 quotannis
1271 725 1332 749 co-

165 783 332 816 ronatam
379 778 514 824 t'uisse3
568 785 605 816 et
648 791 848 823 amarus,
901 777 1121 828 peracerbus
1165 784 1332 831 gustatu,

165 846 264 895 quod
295 846 479 896 adjectum
510 851 578 891 est,
609 845 714 882 simul
745 846 790 882 ad
821 846 955 882 luctum
987 858 1131 896 quoque
1161 847 1334 896 quodam-

166 913 273 950 modo
317 913 518 963 respicere.
605 914 644 950 ln
691 913 786 950 ludis
830 912 1023 950 Nemeaeis
1069 918 1106 950 et
1142 913 1334 959 isthmius,

166 993 318 1030 quorum
356 980 559 1030 parentalis
598 985 678 1017 erat
714 980 840 1032 origo,
882 985 919 1017 et
956 979 1044 1030 ipsis
1083 993 1243 1018 coronae
1281 980 1333 1019 vi-

167 1047 328 1085 ctoribus
347 1047 660 1098 proponebantur,
693 1047 726 1084 in
758 1047 828 1084 illis
860 1047 1003 1096 quidem
1034 1047 1179 1092 humidi,
1211 1048 1247 1084 in
1280 1048 1336 1085 his

167 1114 255 1152 sicci
301 1115 394 1165 apii,
440 1115 571 1165 quibus
616 1114 777 1151 fortasse
815 1114 978 1164 palustre
1016 1114 1157 1163 apium,
1203 1116 1336 1152 udum

169 1185 339 1232 apium,
389 1187 427 1219 et
464 1182 585 1232 apium
616 1186 825 1218 montanum
857 1179 1103 1233 significatur.
1161 1182 1334 1220 Attamen

169 1251 345 1301 temporis
377 1262 522 1300 quoque
552 1249 598 1286 ad
628 1248 794 1286 laetioris
823 1255 1086 1286 coronamenta
1109 1248 1229 1299 apium
1256 1255 1337 1287 erat

170 1318 279 1363 utile,
317 1317 547 1368 propinquae
584 1316 712 1354 mortis
748 1316 921 1354 memoria
958 1315 1133 1353 laetitiam
1163 1315 1337 1366 quoniam

172 1385 340 1422 excitare
376 1386 562 1423 volebant.
621 1384 676 1421 lta
712 1385 906 1421 Anacreon
938 1383 974 1420 in
1003 1383 1137 1421 Athen.
1166 1384 1257 1429 XV,
1299 1389 1339 1423 4.

171 1451 331 1490 frontem
375 1452 460 1502 apio
507 1457 707 1489 coronatus
754 1452 847 1488 diem
893 1450 1025 1488 festum
1071 1451 1206 1489 Bacchi
1243 1451 1338 1503 agit.
1382 1464 1387 1469 ·

174 1521 229 1557 lta
258 1520 295 1557 in
326 1519 589 1557 comissatione
620 1525 745 1569 pastor
776 1518 1105 1564 Theocriteusm,
1138 1523 1201 1557 22.
1232 1532 1338 1556 coro-

173 1600 254 1625 nam
285 1587 524 1624 hederaceam
555 1586 674 1638 gerit,

262 1663 474 1706 Inseruitque
499 1672 598 1695 rosae
622 1663 776 1703 calyces,
813 1659 967 1702 fragrans
993 1661 1184 1705 apiumque.

176 1734 391 1771 Athenaeus
410 1732 508 1778 xlv,
539 1737 577 1770 7.
605 1730 769 1782 vulgaris
799 1731 986 1781 cujusdam
1016 1731 1235 1777 saltationis,
1268 1732 1340 1768 An-

177 1802 298 1838 thema
342 1800 483 1845 dictae,
529 1798 749 1836 mentionem
789 1796 898 1843 facit,
946 1798 991 1835 ad
1033 1811 1138 1848 quam
1179 1799 1342 1837 imitante

178 1873 289 1921 gestu
320 1867 558 1906 cantabatur:

383 1944 467 1976 Sunt
492 1943 546 1975 ubi
571 1940 694 1976 rosae?

381 1999 467 2032 Sunt
492 1999 547 2031 ubi
571 1999 701 2031 violae!

383 2056 469 2088 Sunt
492 2054 548 2087 ubi
572 2054 709 2098 pulchra
734 2052 836 2097 apia?

185 2128 232 2164 Et
261 2124 458 2170 Horatius,
498 2124 643 2174 quaudo
675 2124 719 2160 de
749 2124 868 2161 sainte
898 2134 1113 2160 summorum
1144 2120 1340 2158 amicorum

185 2194 266 2232 Diis
296 2192 439 2245 gratias
469 2191 548 2243 agit
579 2191 647 2228 od.
681 2191 713 2235 Ι,
746 2196 811 2229 36.
844 2191 895 2236 ΙΙ,
927 2195 963 2227 7.
993 2189 1062 2235 Π,
1096 2194 1158 2227 11.
1189 2188 1271 2239 apio
1301 2201 1342 2226 se

188 2266 346 2300 exornat
385 2265 422 2297 et
458 2258 538 2296 aliis
577 2258 866 2303 coronamentis,
910 2256 1111 2294 voluntatis
1148 2255 1341 2294 indicibus.
