<?xml version="1.0" encoding="UTF-8"?>
<!DOCTYPE html PUBLIC "-//W3C//DTD XHTML 1.0 Transitional//EN"
    "http://www.w3.org/TR/xhtml1/DTD/xhtml1-transitional.dtd">
<html xmlns="http://www.w3.org/1999/xhtml" xml:lang="en" lang="en">
 <head>
  <title>
</title>
<meta http-equiv="Content-Type" content="text/html;charset=utf-8" />
  <meta name='ocr-system' content='tesseract 3.04.00' />
  <meta name='ocr-capabilities' content='ocr_page ocr_carea ocr_par ocr_line ocrx_word'/>
</head>
<body>
  <div class='ocr_page' id='page_1' title='image "./eclogaevix00virguoft_0100.png"; bbox 0 0 1472 2620; ppageno 0'>
   <div class='ocr_carea' id='block_1_1' title="bbox 149 147 1013 198">
    <p class='ocr_par' dir='ltr' id='par_1_1' title="bbox 149 147 1013 198">
     <span class='ocr_line' id='line_1_1' title="bbox 149 147 1013 198; baseline -0.002 -11"><span class='ocrx_word' id='word_1_1' title='bbox 149 158 211 198; x_wconf 76' lang='lat'><strong>94</strong></span> <span class='ocrx_word' id='word_1_2' title='bbox 484 147 690 186; x_wconf 75' lang='lat' dir='ltr'><strong>ECLOGA</strong></span> <span class='ocrx_word' id='word_1_3' title='bbox 721 147 801 193; x_wconf 78' lang='lat' dir='ltr'><strong>vn,</strong></span> <span class='ocrx_word' id='word_1_4' title='bbox 831 148 1013 186; x_wconf 67' lang='lat' dir='ltr'><strong>‹ss-es.</strong></span> 
     </span>
    </p>
   </div>
   <div class='ocr_carea' id='block_1_2' title="bbox 152 257 1352 2329">
    <p class='ocr_par' dir='ltr' id='par_1_2' title="bbox 152 257 1352 2062">
     <span class='ocr_line' id='line_1_2' title="bbox 152 257 1339 313; baseline -0.006 -11"><span class='ocrx_word' id='word_1_5' title='bbox 152 270 254 302; x_wconf 79' lang='lat' dir='ltr'><strong>tasse</strong></span> <span class='ocrx_word' id='word_1_6' title='bbox 286 261 448 313; x_wconf 74' lang='lat' dir='ltr'><strong>potenti,</strong></span> <span class='ocrx_word' id='word_1_7' title='bbox 481 260 617 311; x_wconf 81' lang='lat' dir='ltr'>quippe</span> <span class='ocrx_word' id='word_1_8' title='bbox 648 259 776 311; x_wconf 80' lang='lat' dir='ltr'><strong>planta</strong></span> <span class='ocrx_word' id='word_1_9' title='bbox 806 257 960 309; x_wconf 88' lang='lat' dir='ltr'><strong>pulchra</strong></span> <span class='ocrx_word' id='word_1_10' title='bbox 990 261 1074 294; x_wconf 85' lang='lat' dir='ltr'><strong>erat</strong></span> <span class='ocrx_word' id='word_1_11' title='bbox 1102 257 1238 296; x_wconf 75' lang='lat' dir='ltr'><strong>litorea</strong></span> <span class='ocrx_word' id='word_1_12' title='bbox 1270 257 1339 308; x_wconf 77' lang='lat' dir='ltr'><strong>Ep.</strong></span> 
     </span>
     <span class='ocr_line' id='line_1_3' title="bbox 152 324 1340 381; baseline -0.005 -13"><span class='ocrx_word' id='word_1_13' title='bbox 152 332 270 381; x_wconf 76' lang='lat' dir='ltr'><strong>Myth.</strong></span> <span class='ocrx_word' id='word_1_14' title='bbox 304 330 356 374; x_wconf 91' lang='grc' dir='ltr'><strong>ΙΙ,</strong></span> <span class='ocrx_word' id='word_1_15' title='bbox 390 332 456 366; x_wconf 82' lang='lat'><strong>28.</strong></span> <span class='ocrx_word' id='word_1_16' title='bbox 516 326 672 364; x_wconf 82' lang='lat' dir='ltr'><strong>Servius</strong></span> <span class='ocrx_word' id='word_1_17' title='bbox 704 331 846 370; x_wconf 83' lang='lat' dir='ltr'><strong>narrat,</strong></span> <span class='ocrx_word' id='word_1_18' title='bbox 878 324 996 362; x_wconf 84' lang='lat' dir='ltr'><strong>Deam</strong></span> <span class='ocrx_word' id='word_1_19' title='bbox 1026 337 1049 362; x_wconf 84' lang='lat' dir='ltr'><strong>a</strong></span> <span class='ocrx_word' id='word_1_20' title='bbox 1080 324 1171 361; x_wconf 78' lang='lat' dir='ltr'><strong>mari</strong></span> <span class='ocrx_word' id='word_1_21' title='bbox 1200 337 1340 363; x_wconf 86' lang='lat' dir='ltr'><strong>exeun-</strong></span> 
     </span>
     <span class='ocr_line' id='line_1_4' title="bbox 152 390 1342 445; baseline -0.004 -10"><span class='ocrx_word' id='word_1_22' title='bbox 152 404 224 436; x_wconf 89' lang='lat' dir='ltr'><strong>tem</strong></span> <span class='ocrx_word' id='word_1_23' title='bbox 265 397 300 433; x_wconf 92' lang='lat' dir='ltr'><strong>in</strong></span> <span class='ocrx_word' id='word_1_24' title='bbox 339 401 462 445; x_wconf 79' lang='lat' dir='ltr'><strong>myrto</strong></span> <span class='ocrx_word' id='word_1_25' title='bbox 502 394 680 439; x_wconf 77' lang='lat' dir='ltr'><strong>latuisse,</strong></span> <span class='ocrx_word' id='word_1_26' title='bbox 734 406 782 430; x_wconf 85' lang='lat' dir='ltr'><strong>ne</strong></span> <span class='ocrx_word' id='word_1_27' title='bbox 824 392 924 430; x_wconf 84' lang='lat' dir='ltr'><strong>nuda</strong></span> <span class='ocrx_word' id='word_1_28' title='bbox 955 390 1259 441; x_wconf 72' lang='lat' dir='ltr'><strong>conspiceretur3</strong></span> <span class='ocrx_word' id='word_1_29' title='bbox 1303 397 1342 430; x_wconf 76' lang='lat' dir='ltr'><strong>et</strong></span> 
     </span>
     <span class='ocr_line' id='line_1_5' title="bbox 154 458 1342 508; baseline -0.004 -7"><span class='ocrx_word' id='word_1_30' title='bbox 154 463 352 507; x_wconf 74' lang='lat' dir='ltr'>Nicander,</span> <span class='ocrx_word' id='word_1_31' title='bbox 385 461 511 499; x_wconf 85' lang='lat' dir='ltr'><strong>Paridi</strong></span> <span class='ocrx_word' id='word_1_32' title='bbox 544 475 585 498; x_wconf 82' lang='lat' dir='ltr'><strong>se</strong></span> <span class='ocrx_word' id='word_1_33' title='bbox 617 461 713 498; x_wconf 88' lang='lat' dir='ltr'><strong>illam</strong></span> <span class='ocrx_word' id='word_1_34' title='bbox 746 460 781 496; x_wconf 92' lang='lat' dir='ltr'><strong>in</strong></span> <span class='ocrx_word' id='word_1_35' title='bbox 813 472 956 497; x_wconf 89' lang='lat' dir='ltr'><strong>corona</strong></span> <span class='ocrx_word' id='word_1_36' title='bbox 981 463 1123 508; x_wconf 76' lang='lat' dir='ltr'><strong>myrtea</strong></span> <span class='ocrx_word' id='word_1_37' title='bbox 1147 458 1342 496; x_wconf 69' lang='lat' dir='ltr'><strong>obtulisse.</strong></span> 
     </span>
     <span class='ocr_line' id='line_1_6' title="bbox 154 525 1344 581; baseline -0.004 -13"><span class='ocrx_word' id='word_1_38' title='bbox 154 532 321 581; x_wconf 88' lang='lat' dir='ltr'><strong>Utraque</strong></span> <span class='ocrx_word' id='word_1_39' title='bbox 359 528 487 567; x_wconf 79' lang='lat' dir='ltr'><strong>fabula</strong></span> <span class='ocrx_word' id='word_1_40' title='bbox 526 542 659 566; x_wconf 84' lang='lat' dir='ltr'><strong>recens</strong></span> <span class='ocrx_word' id='word_1_41' title='bbox 697 534 767 565; x_wconf 76' lang='lat' dir='ltr'><strong>est.</strong></span> <span class='ocrx_word' id='word_1_42' title='bbox 831 527 922 564; x_wconf 79' lang='lat' dir='ltr'><strong>Nam</strong></span> <span class='ocrx_word' id='word_1_43' title='bbox 955 526 990 563; x_wconf 91' lang='lat' dir='ltr'><strong>in</strong></span> <span class='ocrx_word' id='word_1_44' title='bbox 1023 525 1201 564; x_wconf 77' lang='lat' dir='ltr'><strong>vicesima</strong></span> <span class='ocrx_word' id='word_1_45' title='bbox 1231 525 1344 563; x_wconf 71' lang='lat' dir='ltr'><strong>tertia</strong></span> 
     </span>
     <span class='ocr_line' id='line_1_7' title="bbox 154 593 1343 649; baseline -0.005 -13"><span class='ocrx_word' id='word_1_46' title='bbox 154 598 392 649; x_wconf 75' lang='lat' dir='ltr'>Olympiade,</span> <span class='ocrx_word' id='word_1_47' title='bbox 422 597 639 634; x_wconf 74' lang='lat' dir='ltr'>Athenaeus</span> <span class='ocrx_word' id='word_1_48' title='bbox 672 595 762 639; x_wconf 67' lang='lat' dir='ltr'><strong>XV,</strong></span> <span class='ocrx_word' id='word_1_49' title='bbox 795 600 818 633; x_wconf 81' lang='grc'>6</span> <span class='ocrx_word' id='word_1_50' title='bbox 851 593 983 643; x_wconf 82' lang='lat' dir='ltr'><strong>inquit,</strong></span> <span class='ocrx_word' id='word_1_51' title='bbox 1018 599 1133 630; x_wconf 87' lang='lat' dir='ltr'><strong>nauta</strong></span> <span class='ocrx_word' id='word_1_52' title='bbox 1163 606 1212 630; x_wconf 83' lang='lat' dir='ltr'><strong>ex</strong></span> <span class='ocrx_word' id='word_1_53' title='bbox 1244 594 1343 631; x_wconf 82' lang='lat' dir='ltr'><strong>Nau·</strong></span> 
     </span>
     <span class='ocr_line' id='line_1_8' title="bbox 154 659 1344 714; baseline -0.005 -10"><span class='ocrx_word' id='word_1_54' title='bbox 154 672 280 712; x_wconf 89' lang='lat' dir='ltr'><strong>crate,</strong></span> <span class='ocrx_word' id='word_1_55' title='bbox 311 664 459 703; x_wconf 76' lang='lat' dir='ltr'><strong>Milesia</strong></span> <span class='ocrx_word' id='word_1_56' title='bbox 489 664 638 702; x_wconf 87' lang='lat' dir='ltr'><strong>colonia</strong></span> <span class='ocrx_word' id='word_1_57' title='bbox 669 661 852 714; x_wconf 71' lang='lat' dir='ltr'><strong>Aegypti,</strong></span> <span class='ocrx_word' id='word_1_58' title='bbox 891 659 1011 710; x_wconf 88' lang='lat' dir='ltr'><strong>Paphi</strong></span> <span class='ocrx_word' id='word_1_59' title='bbox 1041 661 1191 713; x_wconf 83' lang='lat' dir='ltr'><strong>signum</strong></span> <span class='ocrx_word' id='word_1_60' title='bbox 1225 661 1344 698; x_wconf 66' lang='lat' dir='ltr'><strong>Vene-</strong></span> 
     </span>
     <span class='ocr_line' id='line_1_9' title="bbox 154 729 1344 781; baseline -0.006 -9"><span class='ocrx_word' id='word_1_61' title='bbox 154 734 206 772; x_wconf 86' lang='lat' dir='ltr'><strong>ris</strong></span> <span class='ocrx_word' id='word_1_62' title='bbox 255 733 361 779; x_wconf 82' lang='lat' dir='ltr'><strong>cmit3</strong></span> <span class='ocrx_word' id='word_1_63' title='bbox 409 732 443 768; x_wconf 75' lang='lat' dir='ltr'><strong>ei</strong></span> <span class='ocrx_word' id='word_1_64' title='bbox 487 745 596 781; x_wconf 72' lang='lat' dir='ltr'><strong>quum</strong></span> <span class='ocrx_word' id='word_1_65' title='bbox 635 730 730 767; x_wconf 74' lang='lat' dir='ltr'><strong>socii</strong></span> <span class='ocrx_word' id='word_1_66' title='bbox 768 729 941 773; x_wconf 57' lang='lat' dir='ltr'><strong>navalem,</strong></span> <span class='ocrx_word' id='word_1_67' title='bbox 987 734 1071 766; x_wconf 85' lang='lat' dir='ltr'><strong>orta</strong></span> <span class='ocrx_word' id='word_1_68' title='bbox 1109 734 1344 779; x_wconf 71' lang='lat' dir='ltr'><strong>tempestate,</strong></span> 
     </span>
     <span class='ocr_line' id='line_1_10' title="bbox 154 795 1347 852; baseline -0.005 -14"><span class='ocrx_word' id='word_1_69' title='bbox 154 801 430 852; x_wconf 77' lang='lat' dir='ltr'><strong>supplicarent,</strong></span> <span class='ocrx_word' id='word_1_70' title='bbox 476 799 558 835; x_wconf 84' lang='lat' dir='ltr'><strong>Dea</strong></span> <span class='ocrx_word' id='word_1_71' title='bbox 596 797 720 834; x_wconf 77' lang='lat' dir='ltr'><strong>omnia</strong></span> <span class='ocrx_word' id='word_1_72' title='bbox 758 796 894 833; x_wconf 89' lang='lat' dir='ltr'><strong>circum</strong></span> <span class='ocrx_word' id='word_1_73' title='bbox 927 801 1046 845; x_wconf 78' lang='lat' dir='ltr'><strong>myrto</strong></span> <span class='ocrx_word' id='word_1_74' title='bbox 1078 795 1261 846; x_wconf 75' lang='lat' dir='ltr'><strong>implevit,</strong></span> <span class='ocrx_word' id='word_1_75' title='bbox 1309 799 1347 833; x_wconf 86' lang='lat' dir='ltr'><strong>et</strong></span> 
     </span>
     <span class='ocr_line' id='line_1_11' title="bbox 155 863 1345 916; baseline -0.006 -10"><span class='ocrx_word' id='word_1_76' title='bbox 155 868 397 906; x_wconf 70' lang='lat' dir='ltr'><strong>serenitatem</strong></span> <span class='ocrx_word' id='word_1_77' title='bbox 444 864 644 916; x_wconf 81' lang='lat' dir='ltr'><strong>praestitit.</strong></span> <span class='ocrx_word' id='word_1_78' title='bbox 728 863 917 900; x_wconf 72' lang='lat' dir='ltr'><strong>Naucrate</strong></span> <span class='ocrx_word' id='word_1_79' title='bbox 963 863 1113 915; x_wconf 79' lang='lat' dir='ltr'><strong>signum</strong></span> <span class='ocrx_word' id='word_1_80' title='bbox 1151 876 1226 900; x_wconf 85' lang='lat' dir='ltr'><strong>una</strong></span> <span class='ocrx_word' id='word_1_81' title='bbox 1265 876 1345 900; x_wconf 75' lang='lat' dir='ltr'><strong>cum</strong></span> 
     </span>
     <span class='ocr_line' id='line_1_12' title="bbox 157 931 1345 985; baseline -0.005 -12"><span class='ocrx_word' id='word_1_82' title='bbox 157 935 287 985; x_wconf 80' lang='lat' dir='ltr'><strong>myrtis</strong></span> <span class='ocrx_word' id='word_1_83' title='bbox 326 935 434 970; x_wconf 75' lang='lat' dir='ltr'><strong>honio</strong></span> <span class='ocrx_word' id='word_1_84' title='bbox 474 933 509 970; x_wconf 89' lang='lat' dir='ltr'><strong>in</strong></span> <span class='ocrx_word' id='word_1_85' title='bbox 542 932 678 982; x_wconf 88' lang='lat' dir='ltr'><strong>templu</strong></span> <span class='ocrx_word' id='word_1_86' title='bbox 711 931 930 975; x_wconf 78' lang='lat' dir='ltr'><strong>collocavit,</strong></span> <span class='ocrx_word' id='word_1_87' title='bbox 978 937 1016 967; x_wconf 88' lang='lat' dir='ltr'><strong>et</strong></span> <span class='ocrx_word' id='word_1_88' title='bbox 1046 931 1093 968; x_wconf 88' lang='lat' dir='ltr'><strong>ad</strong></span> <span class='ocrx_word' id='word_1_89' title='bbox 1124 931 1253 981; x_wconf 73' lang='lat' dir='ltr'><strong>epulas</strong></span> <span class='ocrx_word' id='word_1_90' title='bbox 1283 943 1345 967; x_wconf 74' lang='lat' dir='ltr'><strong>sa·</strong></span> 
     </span>
     <span class='ocr_line' id='line_1_13' title="bbox 158 998 1347 1048; baseline -0.005 -8"><span class='ocrx_word' id='word_1_91' title='bbox 158 1001 305 1040; x_wconf 74' lang='lat' dir='ltr'><strong>criticas</strong></span> <span class='ocrx_word' id='word_1_92' title='bbox 343 1007 498 1040; x_wconf 85' lang='lat' dir='ltr'><strong>vocatos</strong></span> <span class='ocrx_word' id='word_1_93' title='bbox 537 1012 679 1037; x_wconf 85' lang='lat' dir='ltr'><strong>corona</strong></span> <span class='ocrx_word' id='word_1_94' title='bbox 715 1004 859 1048; x_wconf 74' lang='lat' dir='ltr'><strong>myrtea</strong></span> <span class='ocrx_word' id='word_1_95' title='bbox 897 998 1071 1043; x_wconf 78' lang='lat' dir='ltr'><strong>donavit,</strong></span> <span class='ocrx_word' id='word_1_96' title='bbox 1121 1011 1217 1048; x_wconf 80' lang='lat' dir='ltr'><strong>quae</strong></span> <span class='ocrx_word' id='word_1_97' title='bbox 1246 998 1347 1035; x_wconf 76' lang='lat' dir='ltr'><strong>Nau-</strong></span> 
     </span>
     <span class='ocr_line' id='line_1_14' title="bbox 157 1066 1346 1118; baseline -0.003 -11"><span class='ocrx_word' id='word_1_98' title='bbox 157 1075 300 1108; x_wconf 77' lang='lat' dir='ltr'><strong>cratica</strong></span> <span class='ocrx_word' id='word_1_99' title='bbox 345 1069 430 1106; x_wconf 88' lang='lat' dir='ltr'><strong>inde</strong></span> <span class='ocrx_word' id='word_1_100' title='bbox 478 1068 664 1118; x_wconf 84' lang='lat' dir='ltr'><strong>appellata</strong></span> <span class='ocrx_word' id='word_1_101' title='bbox 702 1072 772 1103; x_wconf 85' lang='lat' dir='ltr'><strong>est.</strong></span> <span class='ocrx_word' id='word_1_102' title='bbox 849 1066 1037 1102; x_wconf 77' lang='lat' dir='ltr'><strong>Coronam</strong></span> <span class='ocrx_word' id='word_1_103' title='bbox 1084 1066 1346 1103; x_wconf 74' lang='lat' dir='ltr'><strong>Naucraticam</strong></span> 
     </span>
     <span class='ocr_line' id='line_1_15' title="bbox 157 1132 1348 1188; baseline -0.004 -14"><span class='ocrx_word' id='word_1_104' title='bbox 157 1137 238 1188; x_wconf 88' lang='lat' dir='ltr'><strong>ipse</strong></span> <span class='ocrx_word' id='word_1_105' title='bbox 268 1138 467 1174; x_wconf 82' lang='lat' dir='ltr'><strong>Anacreon</strong></span> <span class='ocrx_word' id='word_1_106' title='bbox 499 1135 634 1172; x_wconf 75' lang='lat' dir='ltr'><strong>Athen.</strong></span> <span class='ocrx_word' id='word_1_107' title='bbox 666 1133 749 1178; x_wconf 65' lang='lat' dir='ltr'><strong>XV,</strong></span> <span class='ocrx_word' id='word_1_108' title='bbox 796 1137 817 1169; x_wconf 83' lang='lat'>3</span> <span class='ocrx_word' id='word_1_109' title='bbox 851 1145 931 1169; x_wconf 89' lang='lat' dir='ltr'><strong>cum</strong></span> <span class='ocrx_word' id='word_1_110' title='bbox 963 1133 1076 1169; x_wconf 85' lang='lat' dir='ltr'><strong>sertis</strong></span> <span class='ocrx_word' id='word_1_111' title='bbox 1107 1132 1228 1169; x_wconf 86' lang='lat' dir='ltr'><strong>roseis</strong></span> <span class='ocrx_word' id='word_1_112' title='bbox 1259 1145 1348 1170; x_wconf 84' lang='lat' dir='ltr'><strong>con-</strong></span> 
     </span>
     <span class='ocr_line' id='line_1_16' title="bbox 153 1199 1346 1256; baseline -0.004 -14"><span class='ocrx_word' id='word_1_113' title='bbox 153 1204 304 1256; x_wconf 82' lang='lat' dir='ltr'><strong>junxit,</strong></span> <span class='ocrx_word' id='word_1_114' title='bbox 353 1215 448 1254; x_wconf 84' lang='lat' dir='ltr'><strong>quae</strong></span> <span class='ocrx_word' id='word_1_115' title='bbox 479 1202 549 1239; x_wconf 83' lang='lat' dir='ltr'><strong>od.</strong></span> <span class='ocrx_word' id='word_1_116' title='bbox 581 1201 690 1246; x_wconf 84' lang='lat' dir='ltr'><strong>Llll,</strong></span> <span class='ocrx_word' id='word_1_117' title='bbox 732 1205 755 1238; x_wconf 92' lang='grc'>8</span> <span class='ocrx_word' id='word_1_118' title='bbox 801 1199 937 1237; x_wconf 69' lang='lat' dir='ltr'><strong>veneri</strong></span> <span class='ocrx_word' id='word_1_119' title='bbox 969 1199 1084 1238; x_wconf 83' lang='lat' dir='ltr'><strong>dicat.</strong></span> <span class='ocrx_word' id='word_1_120' title='bbox 1144 1199 1346 1251; x_wconf 79' lang='lat' dir='ltr'><strong>Antiqnius</strong></span> 
     </span>
     <span class='ocr_line' id='line_1_17' title="bbox 159 1267 1347 1323; baseline -0.005 -13"><span class='ocrx_word' id='word_1_121' title='bbox 159 1286 233 1323; x_wconf 81' lang='lat' dir='ltr'><strong>ego</strong></span> <span class='ocrx_word' id='word_1_122' title='bbox 275 1272 318 1309; x_wconf 87' lang='lat' dir='ltr'><strong>de</strong></span> <span class='ocrx_word' id='word_1_123' title='bbox 361 1277 480 1320; x_wconf 80' lang='lat' dir='ltr'><strong>myrto</strong></span> <span class='ocrx_word' id='word_1_124' title='bbox 514 1269 670 1307; x_wconf 67' lang='lat' dir='ltr'><strong>Veneris</strong></span> <span class='ocrx_word' id='word_1_125' title='bbox 701 1267 954 1305; x_wconf 83' lang='lat' dir='ltr'><strong>testimonium</strong></span> <span class='ocrx_word' id='word_1_126' title='bbox 985 1268 1126 1305; x_wconf 74' lang='lat' dir='ltr'><strong>nescio.</strong></span> <span class='ocrx_word' id='word_1_127' title='bbox 1187 1267 1347 1305; x_wconf 84' lang='lat' dir='ltr'><strong>Romani</strong></span> 
     </span>
     <span class='ocr_line' id='line_1_18' title="bbox 160 1335 1349 1388; baseline -0.004 -11"><span class='ocrx_word' id='word_1_128' title='bbox 160 1346 302 1377; x_wconf 85' lang='lat' dir='ltr'><strong>mature</strong></span> <span class='ocrx_word' id='word_1_129' title='bbox 341 1344 461 1388; x_wconf 73' lang='lat' dir='ltr'><strong>myrto</strong></span> <span class='ocrx_word' id='word_1_130' title='bbox 501 1337 694 1388; x_wconf 81' lang='lat' dir='ltr'><strong>quamdam</strong></span> <span class='ocrx_word' id='word_1_131' title='bbox 732 1342 949 1373; x_wconf 89' lang='lat' dir='ltr'><strong>coronatam</strong></span> <span class='ocrx_word' id='word_1_132' title='bbox 990 1335 1190 1375; x_wconf 67' lang='lat' dir='ltr'><strong>Venerem</strong></span> <span class='ocrx_word' id='word_1_133' title='bbox 1219 1335 1349 1373; x_wconf 71' lang='lat' dir='ltr'><strong>Mur-</strong></span> 
     </span>
     <span class='ocr_line' id='line_1_19' title="bbox 159 1403 1349 1450; baseline -0.003 -6"><span class='ocrx_word' id='word_1_134' title='bbox 159 1410 268 1445; x_wconf 77' lang='lat' dir='ltr'><strong>tiam</strong></span> <span class='ocrx_word' id='word_1_135' title='bbox 306 1406 504 1450; x_wconf 77' lang='lat' dir='ltr'><strong>colebant,</strong></span> <span class='ocrx_word' id='word_1_136' title='bbox 549 1411 587 1442; x_wconf 88' lang='lat' dir='ltr'><strong>et</strong></span> <span class='ocrx_word' id='word_1_137' title='bbox 624 1404 857 1441; x_wconf 87' lang='lat' dir='ltr'><strong>incruentum</strong></span> <span class='ocrx_word' id='word_1_138' title='bbox 895 1403 1074 1441; x_wconf 78' lang='lat' dir='ltr'><strong>victorem</strong></span> <span class='ocrx_word' id='word_1_139' title='bbox 1106 1403 1141 1441; x_wconf 91' lang='lat' dir='ltr'><strong>in</strong></span> <span class='ocrx_word' id='word_1_140' title='bbox 1173 1403 1349 1441; x_wconf 76' lang='lat' dir='ltr'><strong>untione</strong></span> 
     </span>
     <span class='ocr_line' id='line_1_20' title="bbox 161 1470 1349 1524; baseline -0.003 -13"><span class='ocrx_word' id='word_1_141' title='bbox 161 1480 282 1524; x_wconf 80' lang='lat' dir='ltr'><strong>myrto</strong></span> <span class='ocrx_word' id='word_1_142' title='bbox 337 1472 571 1511; x_wconf 84' lang='lat' dir='ltr'><strong>coronabant</strong></span> <span class='ocrx_word' id='word_1_143' title='bbox 628 1471 803 1510; x_wconf 72' lang='lat' dir='ltr'><strong>Veneris</strong></span> <span class='ocrx_word' id='word_1_144' title='bbox 858 1470 1074 1509; x_wconf 71' lang='lat' dir='ltr'><strong>Victricie.</strong></span> <span class='ocrx_word' id='word_1_145' title='bbox 1163 1470 1349 1508; x_wconf 70' lang='lat' dir='ltr'><strong>Laurus</strong></span> 
     </span>
     <span class='ocr_line' id='line_1_21' title="bbox 159 1537 1349 1592; baseline -0.003 -14"><span class='ocrx_word' id='word_1_146' title='bbox 159 1540 340 1592; x_wconf 76' lang='lat' dir='ltr'><strong>piaculari</strong></span> <span class='ocrx_word' id='word_1_147' title='bbox 386 1540 467 1577; x_wconf 92' lang='lat' dir='ltr'><strong>Deo</strong></span> <span class='ocrx_word' id='word_1_148' title='bbox 517 1537 689 1576; x_wconf 76' lang='lat' dir='ltr'><strong>Phoebo</strong></span> <span class='ocrx_word' id='word_1_149' title='bbox 737 1538 944 1585; x_wconf 75' lang='lat' dir='ltr'><strong>Apollini</strong></span> <span class='ocrx_word' id='word_1_150' title='bbox 995 1550 1043 1574; x_wconf 79' lang='lat' dir='ltr'><strong>ex</strong></span> <span class='ocrx_word' id='word_1_151' title='bbox 1092 1537 1349 1575; x_wconf 75' lang='lat' dir='ltr'><strong>vetustissimo</strong></span> 
     </span>
     <span class='ocr_line' id='line_1_22' title="bbox 160 1605 1349 1658; baseline -0.004 -12"><span class='ocrx_word' id='word_1_152' title='bbox 160 1615 326 1658; x_wconf 84' lang='lat' dir='ltr'><strong>tempore</strong></span> <span class='ocrx_word' id='word_1_153' title='bbox 364 1619 474 1644; x_wconf 88' lang='lat' dir='ltr'><strong>sacra</strong></span> <span class='ocrx_word' id='word_1_154' title='bbox 505 1613 608 1651; x_wconf 88' lang='lat' dir='ltr'><strong>erat,</strong></span> <span class='ocrx_word' id='word_1_155' title='bbox 655 1606 828 1655; x_wconf 79' lang='lat' dir='ltr'><strong>quoniam</strong></span> <span class='ocrx_word' id='word_1_156' title='bbox 862 1611 1041 1655; x_wconf 85' lang='lat' dir='ltr'><strong>perpetuo</strong></span> <span class='ocrx_word' id='word_1_157' title='bbox 1073 1605 1199 1643; x_wconf 81' lang='lat' dir='ltr'><strong>virens</strong></span> <span class='ocrx_word' id='word_1_158' title='bbox 1228 1611 1266 1642; x_wconf 89' lang='lat' dir='ltr'><strong>et</strong></span> <span class='ocrx_word' id='word_1_159' title='bbox 1296 1605 1349 1641; x_wconf 90' lang='lat' dir='ltr'><strong>di·</strong></span> 
     </span>
     <span class='ocr_line' id='line_1_23' title="bbox 159 1670 1350 1726; baseline -0.003 -13"><span class='ocrx_word' id='word_1_160' title='bbox 159 1689 221 1713; x_wconf 83' lang='lat' dir='ltr'><strong>ras</strong></span> <span class='ocrx_word' id='word_1_161' title='bbox 252 1674 464 1726; x_wconf 72' lang='lat' dir='ltr'><strong>depellens,</strong></span> <span class='ocrx_word' id='word_1_162' title='bbox 497 1686 694 1723; x_wconf 81' lang='lat' dir='ltr'><strong>numquam</strong></span> <span class='ocrx_word' id='word_1_163' title='bbox 725 1670 878 1710; x_wconf 81' lang='lat' dir='ltr'><strong>fulmine</strong></span> <span class='ocrx_word' id='word_1_164' title='bbox 909 1672 995 1717; x_wconf 85' lang='lat' dir='ltr'><strong>icta,</strong></span> <span class='ocrx_word' id='word_1_165' title='bbox 1027 1672 1074 1710; x_wconf 90' lang='lat' dir='ltr'><strong>ad</strong></span> <span class='ocrx_word' id='word_1_166' title='bbox 1105 1672 1350 1710; x_wconf 75' lang='lat' dir='ltr'><strong>lustrationes</strong></span> 
     </span>
     <span class='ocr_line' id='line_1_24' title="bbox 161 1739 1352 1791; baseline -0.003 -11"><span class='ocrx_word' id='word_1_167' title='bbox 161 1743 418 1781; x_wconf 77' lang='lat' dir='ltr'><strong>adhibebatur.</strong></span> <span class='ocrx_word' id='word_1_168' title='bbox 481 1741 692 1791; x_wconf 69' lang='lat' dir='ltr'><strong>Cotylam</strong></span> <span class='ocrx_word' id='word_1_169' title='bbox 722 1739 839 1777; x_wconf 73' lang='lat' dir='ltr'><strong>silvae</strong></span> <span class='ocrx_word' id='word_1_170' title='bbox 871 1739 905 1784; x_wconf 91' lang='lat'><strong>1,</strong></span> <span class='ocrx_word' id='word_1_171' title='bbox 954 1745 1016 1778; x_wconf 81' lang='lat'><strong>14.</strong></span> <span class='ocrx_word' id='word_1_172' title='bbox 1051 1739 1092 1786; x_wconf 72' lang='lat' dir='ltr'><strong>V,</strong></span> <span class='ocrx_word' id='word_1_173' title='bbox 1129 1746 1176 1778; x_wconf 81' lang='lat'><strong>¹3</strong></span> <span class='ocrx_word' id='word_1_174' title='bbox 1211 1739 1352 1777; x_wconf 80' lang='lat' dir='ltr'><strong>frustra</strong></span> 
     </span>
     <span class='ocr_line' id='line_1_25' title="bbox 162 1807 1350 1861; baseline -0.001 -14"><span class='ocrx_word' id='word_1_175' title='bbox 162 1809 305 1859; x_wconf 77' lang='lat' dir='ltr'><strong>Phyllis</strong></span> <span class='ocrx_word' id='word_1_176' title='bbox 345 1822 417 1845; x_wconf 79' lang='lat' dir='ltr'><strong>nou</strong></span> <span class='ocrx_word' id='word_1_177' title='bbox 458 1809 579 1861; x_wconf 80' lang='lat' dir='ltr'><strong>magis</strong></span> <span class='ocrx_word' id='word_1_178' title='bbox 618 1808 786 1852; x_wconf 85' lang='lat' dir='ltr'><strong>amabat,</strong></span> <span class='ocrx_word' id='word_1_179' title='bbox 831 1820 939 1857; x_wconf 88' lang='lat' dir='ltr'><strong>quam</strong></span> <span class='ocrx_word' id='word_1_180' title='bbox 985 1807 1250 1852; x_wconf 70' lang='lat' dir='ltr'><strong>Galateam,</strong></span> <span class='ocrx_word' id='word_1_181' title='bbox 1296 1810 1350 1846; x_wconf 80' lang='grc'><strong>64</strong></span> 
     </span>
     <span class='ocr_line' id='line_1_26' title="bbox 162 1874 1349 1927; baseline -0.002 -13"><span class='ocrx_word' id='word_1_182' title='bbox 162 1877 352 1921; x_wconf 74' lang='lat' dir='ltr'><strong>salictum,</strong></span> <span class='ocrx_word' id='word_1_183' title='bbox 404 1889 513 1926; x_wconf 87' lang='lat' dir='ltr'><strong>quum</strong></span> <span class='ocrx_word' id='word_1_184' title='bbox 552 1882 637 1926; x_wconf 81' lang='lat' dir='ltr'><strong>post</strong></span> <span class='ocrx_word' id='word_1_185' title='bbox 669 1876 774 1927; x_wconf 85' lang='lat' dir='ltr'><strong>jacta</strong></span> <span class='ocrx_word' id='word_1_186' title='bbox 811 1875 908 1912; x_wconf 87' lang='lat' dir='ltr'><strong>mala</strong></span> <span class='ocrx_word' id='word_1_187' title='bbox 946 1875 981 1912; x_wconf 93' lang='lat' dir='ltr'><strong>id</strong></span> <span class='ocrx_word' id='word_1_188' title='bbox 1013 1888 1092 1912; x_wconf 87' lang='lat' dir='ltr'><strong>eam</strong></span> <span class='ocrx_word' id='word_1_189' title='bbox 1124 1888 1200 1912; x_wconf 89' lang='lat' dir='ltr'><strong>non</strong></span> <span class='ocrx_word' id='word_1_190' title='bbox 1233 1874 1349 1912; x_wconf 70' lang='lat' dir='ltr'><strong>sola-</strong></span> 
     </span>
     <span class='ocr_line' id='line_1_27' title="bbox 163 1941 1352 1996; baseline -0.004 -14"><span class='ocrx_word' id='word_1_191' title='bbox 163 1950 328 1996; x_wconf 79' lang='lat' dir='ltr'><strong>tegeret.</strong></span> <span class='ocrx_word' id='word_1_192' title='bbox 388 1943 517 1981; x_wconf 83' lang='lat' dir='ltr'><strong>Deae</strong></span> <span class='ocrx_word' id='word_1_193' title='bbox 557 1943 676 1980; x_wconf 82' lang='lat' dir='ltr'><strong>instar</strong></span> <span class='ocrx_word' id='word_1_194' title='bbox 713 1942 918 1981; x_wconf 88' lang='lat' dir='ltr'><strong>columbam</strong></span> <span class='ocrx_word' id='word_1_195' title='bbox 958 1942 1033 1980; x_wconf 86' lang='lat' dir='ltr'><strong>illic</strong></span> <span class='ocrx_word' id='word_1_196' title='bbox 1069 1943 1249 1986; x_wconf 74' lang='lat' dir='ltr'><strong>Galatea,</strong></span> <span class='ocrx_word' id='word_1_197' title='bbox 1293 1941 1352 1978; x_wconf 80' lang='lat' dir='ltr'><strong>hic</strong></span> 
     </span>
     <span class='ocr_line' id='line_1_28' title="bbox 163 2010 855 2062; baseline -0.003 -13"><span class='ocrx_word' id='word_1_198' title='bbox 163 2025 309 2050; x_wconf 83' lang='lat' dir='ltr'><strong>sacram</strong></span> <span class='ocrx_word' id='word_1_199' title='bbox 340 2011 502 2062; x_wconf 84' lang='lat' dir='ltr'><strong>plantam</strong></span> <span class='ocrx_word' id='word_1_200' title='bbox 534 2011 675 2059; x_wconf 73' lang='lat' dir='ltr'><strong>Phyllis</strong></span> <span class='ocrx_word' id='word_1_201' title='bbox 706 2010 855 2061; x_wconf 82' lang='lat' dir='ltr'><strong>accipit.</strong></span> 
     </span>
    </p>

    <p class='ocr_par' dir='ltr' id='par_1_3' title="bbox 160 2076 1350 2329">
     <span class='ocr_line' id='line_1_29' title="bbox 277 2076 1350 2118; baseline -0.006 0"><span class='ocrx_word' id='word_1_202' title='bbox 277 2083 330 2118; x_wconf 74' lang='lat'><strong>65</strong></span> <span class='ocrx_word' id='word_1_203' title='bbox 361 2099 415 2105; x_wconf 90' lang='lat'>—</span> <span class='ocrx_word' id='word_1_204' title='bbox 446 2082 513 2116; x_wconf 85' lang='grc'><strong>68.</strong></span> <span class='ocrx_word' id='word_1_205' title='bbox 587 2078 866 2115; x_wconf 70' lang='lat' dir='ltr'><strong>pulcherrimae</strong></span> <span class='ocrx_word' id='word_1_206' title='bbox 912 2078 1068 2115; x_wconf 76' lang='lat' dir='ltr'><strong>arbores</strong></span> <span class='ocrx_word' id='word_1_207' title='bbox 1112 2077 1206 2114; x_wconf 76' lang='lat' dir='ltr'><strong>alias</strong></span> <span class='ocrx_word' id='word_1_208' title='bbox 1253 2076 1350 2113; x_wconf 77' lang='lat' dir='ltr'><strong>aliae</strong></span> 
     </span>
     <span class='ocr_line' id='line_1_30' title="bbox 165 2143 1349 2195; baseline -0.003 -13"><span class='ocrx_word' id='word_1_209' title='bbox 165 2152 267 2183; x_wconf 84' lang='lat' dir='ltr'><strong>sunt.</strong></span> <span class='ocrx_word' id='word_1_210' title='bbox 329 2145 492 2195; x_wconf 76' lang='lat' dir='ltr'><strong>Lycidas</strong></span> <span class='ocrx_word' id='word_1_211' title='bbox 542 2153 664 2182; x_wconf 86' lang='lat' dir='ltr'><strong>autem</strong></span> <span class='ocrx_word' id='word_1_212' title='bbox 703 2145 734 2181; x_wconf 86' lang='lat' dir='ltr'><strong>si</strong></span> <span class='ocrx_word' id='word_1_213' title='bbox 772 2145 921 2195; x_wconf 83' lang='lat' dir='ltr'><strong>saepius</strong></span> <span class='ocrx_word' id='word_1_214' title='bbox 959 2157 1015 2180; x_wconf 89' lang='lat' dir='ltr'><strong>me</strong></span> <span class='ocrx_word' id='word_1_215' title='bbox 1053 2143 1202 2185; x_wconf 75' lang='lat' dir='ltr'><strong>revisit;</strong></span> <span class='ocrx_word' id='word_1_216' title='bbox 1249 2149 1349 2184; x_wconf 78' lang='lat' dir='ltr'><strong>tunc,</strong></span> 
     </span>
     <span class='ocr_line' id='line_1_31' title="bbox 165 2210 1349 2262; baseline -0.003 -13"><span class='ocrx_word' id='word_1_217' title='bbox 165 2218 253 2249; x_wconf 88' lang='lat' dir='ltr'><strong>tunc</strong></span> <span class='ocrx_word' id='word_1_218' title='bbox 296 2213 443 2250; x_wconf 85' lang='lat' dir='ltr'><strong>tandem</strong></span> <span class='ocrx_word' id='word_1_219' title='bbox 481 2212 589 2249; x_wconf 81' lang='lat' dir='ltr'><strong>cedet</strong></span> <span class='ocrx_word' id='word_1_220' title='bbox 627 2213 660 2249; x_wconf 85' lang='lat' dir='ltr'><strong>ei</strong></span> <span class='ocrx_word' id='word_1_221' title='bbox 700 2211 971 2262; x_wconf 82' lang='lat' dir='ltr'><strong>pulchritudine</strong></span> <span class='ocrx_word' id='word_1_222' title='bbox 1011 2233 1065 2237; x_wconf 90' lang='lat'>—</span> <span class='ocrx_word' id='word_1_223' title='bbox 1104 2224 1150 2248; x_wconf 84' lang='lat' dir='ltr'><strong>an</strong></span> <span class='ocrx_word' id='word_1_224' title='bbox 1195 2210 1349 2261; x_wconf 79' lang='lat' dir='ltr'><strong>quisque</strong></span> 
     </span>
     <span class='ocr_line' id='line_1_32' title="bbox 160 2278 1350 2329; baseline -0.003 -12"><span class='ocrx_word' id='word_1_225' title='bbox 160 2280 338 2329; x_wconf 67' lang='lat' dir='ltr'><strong>juvenis?</strong></span> <span class='ocrx_word' id='word_1_226' title='bbox 384 2279 551 2323; x_wconf 79' lang='lat' dir='ltr'><strong>minime,</strong></span> <span class='ocrx_word' id='word_1_227' title='bbox 598 2292 765 2328; x_wconf 81' lang='lat' dir='ltr'><strong>quaeque</strong></span> <span class='ocrx_word' id='word_1_228' title='bbox 806 2278 929 2315; x_wconf 83' lang='lat' dir='ltr'><strong>arbor.</strong></span> <span class='ocrx_word' id='word_1_229' title='bbox 960 2299 1015 2305; x_wconf 89' lang='lat'>—</span> <span class='ocrx_word' id='word_1_230' title='bbox 1045 2278 1204 2315; x_wconf 77' lang='lat' dir='ltr'><strong>Nimium</strong></span> <span class='ocrx_word' id='word_1_231' title='bbox 1234 2290 1350 2327; x_wconf 71' lang='lat' dir='ltr'><strong>quan-</strong></span> 
     </span>
    </p>
   </div>
  </div>
 </body>
</html>
