1472 2620
440 135 638 172 ECLOGA
671 135 727 179 Vl,
757 138 956 173 74—76.
1219 141 1279 182 55

120 247 196 298 pita
225 251 364 284 mutata
401 248 565 285 haberet.
634 248 691 283 Ex
721 246 882 296 reliquiis
920 246 1079 284 carmine
1108 260 1130 283 a
1159 246 1278 283 multis

119 314 327 352 celebratae
355 312 501 352 fabulae
525 314 690 352 Nisam
719 315 891 364 Scylla,
923 319 1110 364 postquam
1140 318 1278 351 mutata

118 380 258 427 fuerat,
288 381 438 432 primum
467 381 513 419 ad
529 381 742 433 Argolicum
770 381 1054 431 promontorium
1071 381 1277 431 Scyllaeum

118 462 232 499 prope
261 449 385 486 urbem
415 449 634 486 Hermionen
674 448 859 485 habitasse
899 449 1054 486 videtur.
1118 450 1277 486 Enarra-

118 520 177 552 tor
205 516 389 566 Euripidis
419 516 562 567 Hippol.
606 521 709 554 1200
745 514 881 559 refert,
930 522 1118 566 postquam
1154 516 1276 553 Minos

118 596 216 628 eam,
254 583 300 620 ad
330 586 475 635 puppim
504 583 606 622 navis
636 582 848 634 religatam,
886 595 951 632 per
979 583 1095 619 sinum
1127 584 1277 620 Saroni-

117 662 197 687 cum
227 651 423 696 traxisset,
454 651 489 688 in
519 663 618 689 mare
641 650 936 701 praecipitatam,
969 650 1119 686 bestiam
1143 649 1276 688 factam

117 729 218 763 esse,
250 723 389 755 mutata
412 724 531 756 tamen
556 731 626 755 nou
648 722 779 756 natura
805 717 901 768 ejus:
934 730 1003 766 quo
1027 717 1274 755 additamento

117 789 314 821 monstrum
336 784 568 838 significatur
587 799 666 824 cnm
693 785 895 836 parricidae
919 784 1148 822 crudelitate.
1206 786 1275 821 Ca-

115 852 246 898 daver,
279 854 414 890 Strabo
447 854 539 890 vm.
571 867 605 903 p.
638 859 733 897 373,
766 852 970 889 Pausanias
1002 852 1043 889 ll.
1076 867 1108 902 p.
1142 857 1206 897 77,
1238 858 1274 889 et

114 918 329 955 Eustathius
354 919 508 968 Dionys.
539 924 616 957 422
649 920 835 968 inquiunt,
868 918 1007 956 fabulas
1037 920 1071 956 in
1104 920 1274 956 historias

114 990 392 1029 convertentes,
423 986 468 1022 ad
500 986 785 1036 promontorium
812 987 1017 1035 Scyllaeum
1049 1000 1160 1037 prope
1183 987 1274 1024 Her-

115 1053 279 1098 mionen,
308 1053 368 1090 ubi
398 1053 662 1104 sepeliebatur,
694 1054 880 1104 appulsum
903 1060 971 1090 est.
1032 1054 1087 1091 De
1113 1054 1274 1105 pluribus

114 1120 292 1172 ejusmodi
328 1119 460 1158 fabulis
484 1121 684 1158 Hermionii
717 1121 991 1172 gloriabantur,
1022 1122 1066 1158 ad
1091 1135 1181 1171 quas
1213 1136 1273 1172 pe-

112 1188 180 1225 stis
199 1187 322 1238 aliqua
345 1188 549 1226 dilacerans
574 1189 608 1225 in
631 1189 701 1225 illis
725 1188 905 1233 litoribus,
937 1202 1029 1238 qnae
1052 1189 1172 1226 caecis
1195 1203 1273 1226 sco-

113 1255 207 1306 pulis
251 1254 409 1292 fortasse
451 1256 722 1305 prominebant,
778 1269 849 1292 non
889 1270 1013 1306 parum
1057 1257 1271 1306 quadrabat.

114 1323 202 1360 lnde
232 1321 326 1359 enim
357 1322 401 1359 ab
433 1322 477 1358 iis
515 1323 624 1360 breve
654 1323 723 1359 iter
760 1324 805 1359 ad
836 1322 973 1360 inferos
1011 1337 1092 1361 esse
1130 1324 1272 1361 diceba-

114 1396 191 1435 tur3
222 1402 334 1439 quare
358 1389 443 1425 nihi!
472 1402 536 1438 pro
559 1395 710 1427 vectura
732 1390 884 1426 mortuis
909 1391 1103 1427 addebant.
1162 1391 1271 1428 lidem

112 1456 246 1506 templa
275 1461 312 1492 et
341 1469 425 1492 aras
456 1457 603 1492 deorum
634 1456 833 1493 inferorum
858 1457 1059 1502 habebant,
1090 1463 1127 1495 et
1151 1463 1272 1496 terrae

111 1523 366 1561 monstrabant
393 1523 630 1575 voraginem,
662 1538 725 1573 per
746 1538 851 1574 quam
875 1525 1050 1562 Hercules
1075 1526 1273 1565 Cerberum

111 1591 300 1636 eduxerit,
337 1591 518 1641 l'lutoque
550 1591 808 1642 Proserpinam
838 1592 1013 1642 rapuerit.
1071 1594 1272 1631 Praeterea

112 1672 184 1696 non
221 1663 360 1696 tantum
397 1658 594 1696 Lucretius
632 1659 690 1703 lv,
730 1663 821 1697 737.
856 1659 902 1703 V,
942 1666 1020 1698 8th
1057 1665 1093 1696 et
1130 1661 1271 1698 Statius

111 1727 209 1764 silv.
240 1726 283 1772 V,
315 1732 350 1772 3,
384 1730 462 1764 280
493 1726 649 1775 Scyllam
681 1726 760 1776 plus
792 1740 895 1762 unam
926 1733 1133 1777 agnoscunt
1165 1729 1271 1766 semi-

114 1794 306 1838 marinum,
336 1793 488 1830 canibus
519 1794 759 1837 succinctam3
790 1794 853 1829 sed
885 1794 961 1843 ipse
987 1794 1160 1844 Virgilius
1179 1796 1269 1833 Aen.

115 1860 174 1905 vl,
206 1865 282 1898 286
316 1860 436 1909 plures
468 1860 502 1896 in
527 1861 705 1898 vestibulo
731 1861 815 1897 orci
841 1861 979 1911 posuit:
1011 1875 1100 1911 quas
1119 1863 1271 1902 Servius

113 1926 258 1964 umbras
295 1925 486 1963 Nisuetae
523 1933 558 1964 et
599 1926 865 1978 Phorcyniae
901 1927 1014 1965 fuisse
1054 1929 1271 1980 interpreta-

113 1998 192 2039 tur,
236 1993 405 2042 quoniam
437 2000 473 2030 et
503 1994 563 2031 illa
592 1996 787 2032 secundum
818 1995 992 2045 quosdam
1028 2002 1198 2034 auctores
1235 1998 1270 2035 in

114 2061 248 2112 piscem
279 2060 301 2097 i.
333 2074 364 2097 e.
396 2061 431 2096 in
464 2062 614 2098 belluam
646 2063 816 2101 marinam
847 2077 1025 2101 conversa
1055 2063 1179 2103 suerit.
1223 2065 1271 2102 At

113 2128 200 2178 quid
231 2127 399 2164 umbrae!
445 2130 524 2178 lpsa
550 2136 729 2175 monstra,
761 2131 904 2181 quando
936 2130 1134 2167 tabularum
1165 2133 1272 2170 sedes

115 2196 384 2241 clarescerent,
425 2209 496 2232 una
525 2210 603 2234 cum
632 2198 778 2235 sedibus
816 2199 860 2235 ad
892 2203 1067 2235 terrarum
1099 2201 1272 2238 terminos

123 2276 245 2313 parum
276 2263 446 2314 cognitos
475 2271 537 2301 aut
570 2266 612 2302 ad
638 2266 776 2303 inferos
799 2265 1092 2315 proli-rebantur:
1146 2269 1274 2312 Lethe.
