1472 2620
449 153 651 192 ECLOGA
680 153 728 190 Vl
739 182 749 199 ,
779 158 893 192 64-
903 158 969 192 66.
1238 161 1298 201 45

130 266 339 317 compulsus
376 271 453 312 est,
501 266 754 315 illacrymante
791 264 824 302 ei
862 266 1024 302 Caesare
1060 264 1096 301 in
1135 265 1296 302 Senatu:

131 334 228 385 quod
245 334 313 371 sibi
332 334 488 371 selinon
514 333 642 370 liceret
662 332 801 377 amicis,
832 338 1013 382 quatenus
1033 331 1156 377 vellet,
1188 331 1298 369 irasci

135 399 254 454 [Suet.
285 402 384 453 Aug.
416 405 478 440 66.
510 400 619 438 Dion.
652 400 757 437 Cass.
788 400 886 446 Lm,
919 397 1015 451 23.].
1035 399 1300 437 —Permes-

131 481 228 514 sus,
271 469 456 506 Strabone
487 472 659 512 auctore,
703 480 781 503 cum
813 467 953 503 Olmeio
985 467 1221 517 conjunctus,
1254 467 1298 504 ab

132 536 309 573 Helieone
340 536 374 572 iu
406 536 520 573 lacum
545 534 742 585 Copaidem
775 532 912 570 defluit.
972 533 1154 570 Hesiodus
1172 535 1300 571 Theo-

133 603 281 655 goniam
312 616 334 640 a
365 602 579 640 narratione
609 601 773 647 orditur,
804 601 945 646 Musas,
975 600 1083 636 undis
1114 600 1300 639 Permessi

132 670 192 708 vel
221 670 474 720 Hippocrenes
502 670 560 708 vel
590 668 720 706 Olmeii
750 668 890 713 lautas,
935 667 970 704 in
1002 667 1189 704 Heliconis
1220 681 1301 706 ver-

132 737 205 775 tice
242 738 374 775 choros
412 738 640 782 celebrasse,
682 742 718 773 et
750 740 893 786 poetam
923 748 1046 787 agnos
1078 734 1123 772 ad
1155 734 1300 771 Helico-

134 817 215 842 nem
252 810 463 855 pascentem
501 805 546 842 ad
585 810 730 841 cantum
771 803 968 840 excitasse.
1036 802 1075 838 ln
1115 802 1302 852 Propertii

132 884 277 922 quoque
307 873 359 916 ΙΙ,
406 877 457 909 10
490 871 579 922 (ΙΙΙ,
616 870 678 921 1),
712 874 777 909 25.
809 871 1025 907 Permessus
1055 869 1217 921 imagine
1248 870 1301 906 di-

132 938 229 976 citur
265 938 473 975 tenuiorum
512 938 730 983 carminum,
783 950 875 987 quae
914 937 1142 974 sublimiores
1178 936 1302 974 fontes

133 992 303 1043 nondum,
323 1005 589 1056 appetiverint:

222 1082 382 1116 Nondum
407 1082 507 1116 etiam
533 1082 698 1114 Ascraeos
723 1086 846 1114 norunt
869 1093 945 1114 mea
968 1082 1115 1114 carmina
1136 1080 1258 1123 sontes,

335 1138 403 1172 Sed
428 1138 528 1171 modo
552 1137 722 1171 Permessi
746 1138 884 1171 ssumine
908 1137 987 1170 lavit
1010 1138 1125 1170 Amor.

137 1208 283 1247 Aones
312 1215 494 1253 montes,
538 1208 671 1245 eximie
703 1208 890 1244 Heliconis
920 1208 1096 1253 verticeS,
1142 1207 1229 1244 dicti
1260 1209 1304 1245 ab

141 1276 308 1312 Aonibus
347 1288 394 1312 ex
434 1274 617 1311 montanis
655 1275 798 1325 populis
838 1275 980 1325 priscae
1021 1275 1214 1320 Boeotiae,
1259 1276 1304 1312 ad

137 1356 230 1393 quos
268 1343 404 1380 cuitum
441 1342 627 1379 Musarum
664 1342 834 1378 Thraces
864 1355 897 1379 v.
934 1349 993 1379 13.
1027 1348 1155 1392 postea
1185 1341 1304 1392 perfe-

136 1410 279 1448 rebant.
337 1409 483 1447 Aones
514 1413 559 1446 iu
589 1417 749 1446 montes
781 1422 845 1459 pro
876 1408 1065 1452 Aonios‚·
1111 1409 1207 1458 quod
1238 1422 1305 1461 ge-

136 1491 204 1515 nus
215 1506 225 1523 ,
264 1477 422 1515 Medus
452 1476 698 1527 llyclctspes.
757 1475 903 1526 Atque
932 1479 1048 1521 viro,
1081 1477 1178 1526 quod
1209 1477 1304 1514 Aru-

136 1546 262 1583 sianus
299 1543 458 1582 Messius
496 1544 607 1596 legit,
652 1548 690 1580 et
718 1544 836 1594 quod,
882 1548 1028 1594 praeter
1058 1544 1170 1588 alios,
1215 1543 1304 1580 Haf-

136 1613 275 1651 niensis
308 1612 346 1650 C
370 1624 514 1662 quoque
544 1611 680 1655 refert,
714 1610 992 1661 praeferendum
1026 1611 1108 1647 mihi
1140 1624 1221 1648 esse
1252 1612 1305 1650 vi-

137 1682 265 1726 detur,
309 1680 480 1730 quoniam
519 1687 570 1717 ‘ut
608 1680 795 1716 ‹luoeeric
832 1683 902 1715 tam
943 1692 1057 1729 prope
1096 1679 1221 1724 abest,
1267 1684 1305 1716 et

137 1753 240 1787 aetus
289 1747 494 1785 deducendi
534 1754 571 1784 et
609 1760 688 1784 cum
725 1746 949 1783 salutatione
986 1746 1165 1797 surgendi
1201 1754 1304 1786 arcte

137 1815 325 1866 conjuncti
362 1819 459 1852 sunt.
518 1815 805 1863 Adam-gemla*
843 1815 980 1858 honos,
1025 1814 1085 1863 qui
1123 1814 1302 1853 initiando

132 1882 262 1935 juveni
300 1881 465 1918 firmatae
501 1882 634 1918 aetatis
666 1879 795 1931 (viro)
828 1886 977 1931 propter
1007 1880 1166 1918 futuram
1197 1898 1303 1933 prae-

140 1950 312 1988 stantiam
352 1948 522 1994 habetur,
566 1962 642 1985 mos
682 1954 762 1985 erat
798 1954 834 1985 et
871 1948 1052 1985 Homerici
1093 1950 1234 2001 Olympi
1267 1958 1304 1989 et

141 2016 358 2070 posterioris
389 2016 570 2053 Graeciae
599 2022 708 2066 atque
738 2016 889 2054 Romae.
948 2017 1150 2066 Sophocles
1174 2032 1303 2065 senex,

142 2099 164 2124 a
193 2083 278 2122 filiis
308 2084 384 2121 suis
414 2085 515 2134 quasi
546 2084 705 2121 delirans
736 2084 769 2120 in
796 2084 970 2135 judicium
997 2091 1163 2132 vocatus,
1195 2100 1302 2136 quum

143 2152 284 2204 Oedipo
322 2152 507 2196 Colonen,
550 2165 656 2202 quam
692 2154 898 2202 nuperrime
935 2151 1162 2203 perfecerat,
1210 2156 1302 2193 reci-

141 2224 220 2259 tata
248 2219 518 2271 respondisset3
546 2220 689 2271 judices
720 2220 1022 2265 adsurrexerunt,
1054 2235 1188 2272 mag-no
1215 2228 1302 2273 poe-

139 2293 203 2327 tae
234 2287 510 2326 admirationem
542 2301 642 2327 suam
674 2293 714 2326 ut
745 2292 984 2328 testarentur.
1044 2289 1195 2334 Accius,
1228 2297 1301 2330 tru-
