1472 2620
223 155 283 195 62
548 147 750 184 ECLOGA
779 146 839 191 vi,
870 151 921 185 επ
935 152 1065 186 -sa

223 270 324 300 ante
352 274 453 304 cua,
485 265 601 304 tecta,
632 272 726 309 quae
755 263 866 296 antea
887 259 967 309 ejus
997 263 1120 305 erant,
1150 259 1186 296 id
1212 259 1310 297 lente
1334 259 1388 297 di-

224 332 339 373 citur,
378 332 416 364 et
445 341 467 364 a
496 327 703 377 praeceptis
734 326 779 364 de
808 325 1075 376 compositione
1103 326 1294 364 verborum
1324 327 1386 364 ab·

223 397 361 432 horret.
421 394 459 430 ln
491 394 586 431 Ciris
624 406 769 444 quoque
797 407 831 431 v.
864 397 929 439 51,
959 394 1055 430 unde
1086 393 1262 445 Virgilius
1299 407 1386 433 con-

223 462 366 500 cinnum
398 462 493 499 hunc
523 461 618 499 Galli
649 461 706 498 sui
736 474 879 499 versum
921 461 1089 511 petebat,
1134 466 1274 498 tantum
1304 474 1386 499 sua

224 538 338 568 tecta
360 531 742 577 svpervole'taverit
766 531 854 567 alis
880 534 947 573 est,
979 528 1078 565 nullo
1102 536 1204 566 ante
1227 528 1386 579 adjecto,

224 599 320 648 quod
349 598 524 636 debilitet.

335 671 384 705 82
411 688 466 693 -
490 669 554 703 86.
612 664 688 701 Has
720 670 757 701 et
785 664 875 701 alias
904 661 1067 707 fabulas,
1098 662 1222 700 auditu
1249 663 1388 713 jucun-

225 733 310 777 das,
341 746 432 783 quas
461 732 545 769 olim
574 729 732 779 Apollo
764 737 918 769 venusto
949 730 1172 780 Hyacintho,
1211 729 1387 768 Laconici

223 800 325 851 regis
344 800 516 849 Amyclae
546 799 602 837 vel
623 798 749 835 Oebali
779 797 854 835 {ilio
887 799 948 843 ΙΙΙ,
980 804 1070 843 106,
1101 799 1146 835 ad
1177 796 1386 835 lauriferam

222 867 337 917 ripam
364 868 526 903 Eurotae
556 879 668 916 prope
688 866 858 915 Amyclas
887 865 1090 911 cecinerat,
1122 865 1270 903 Silenus
1291 876 1386 901 nunc

224 933 424 982 Satyriscis
455 939 491 971 et
512 934 642 985 NaJadi
669 934 783 979 canit,
816 934 932 969 donec
955 932 1061 969 finem
1086 946 1218 982 vesper
1242 930 1388 970 canenti

224 1000 388 1051 imponit.
426 1024 479 1029 —
521 1002 576 1038 Ad
615 1002 800 1038 Orientem
832 1002 989 1050 Spartae
1026 1006 1063 1037 et
1092 1000 1387 1050 Amyclarum‚

225 1082 319 1119 quae
363 1069 449 1105 urbs
493 1069 624 1120 viginti
661 1069 789 1105 stadiis
836 1067 985 1117 propius
1022 1067 1206 1103 meridiem
1243 1073 1387 1116 specta-

225 1137 307 1182 bat,
355 1136 571 1180 Eurotas,
619 1149 690 1171 non
723 1136 774 1172 ita
809 1134 934 1184 procul
966 1134 1010 1170 ab
1041 1134 1181 1184 Alpheo
1213 1140 1315 1169 ortus
1350 1138 1388 1170 et

226 1204 486 1254 Basilipotamo
517 1215 612 1239 nunc
642 1202 719 1240 sive
749 1202 875 1253 regius
912 1200 1042 1239 fluvius
1073 1201 1212 1245 dictus,
1258 1200 1386 1250 Gythi-

225 1284 304 1316 um,
334 1271 459 1308 urbem
491 1283 618 1308 versus
648 1270 882 1314 maritimam,
922 1270 1104 1306 manabat.
1163 1267 1385 1318 Amyclae,

226 1339 287 1375 ubi
317 1339 352 1375 in
384 1338 590 1375 memoriam
627 1336 773 1375 fabulae
808 1337 1034 1387 splendidum
1076 1336 1246 1386 templum
1276 1335 1388 1386 Apol-

226 1405 311 1442 linis
341 1412 377 1441 et
417 1406 645 1455 sepulchrum
675 1405 870 1454 Hyacinthi
908 1412 1083 1441 structum
1115 1409 1213 1448 erat,
1258 1416 1387 1455 agrum

226 1472 408 1510 habebant
438 1473 604 1509 arborum
644 1478 679 1509 et
716 1472 861 1523 frugum
899 1472 1054 1509 fertilem
1087 1472 1215 1521 Polyb.
1248 1471 1289 1516 V,
1324 1476 1386 1510 19:

227 1554 341 1591 quare
372 1547 518 1590 praeter
549 1543 716 1584 lauros,
768 1540 862 1589 quod
894 1540 986 1576 male
1017 1539 1123 1576 habet
1154 1539 1386 1589 interpretes,

225 1608 289 1645 alii
320 1614 457 1656 myrtos
487 1620 630 1656 quoque
659 1613 695 1644 et
724 1607 842 1651 oleas,
874 1612 910 1643 et
941 1607 1044 1656 plura
1073 1607 1202 1651 etiam,
1240 1613 1280 1642 ut
1309 1606 1386 1656 opi-

225 1675 310 1712 nari
346 1675 448 1719 licet,
497 1674 666 1711 arborum
703 1687 844 1725 genera
882 1674 931 1710 ibi
970 1673 1214 1724 reperiebant.
1281 1673 1386 1723 Apud

228 1747 392 1793 poetam,
438 1742 532 1792 apud
571 1755 673 1791 quem
712 1741 832 1778 omnia
869 1740 1028 1790 spirant,
1071 1741 1184 1778 colles
1222 1740 1387 1778 laurit'eri

228 1811 278 1855 X,
310 1816 354 1848 13
384 1816 420 1846 et
441 1822 567 1846 sonum
591 1808 793 1846 referentes
821 1809 1014 1852 (li-sculen-
1046 1821 1116 1844 non
1143 1809 1259 1845 minus
1281 1821 1387 1858 quam

215 1880 388 1926 flumen
407 1877 554 1927 ipsaque
574 1878 722 1914 sidera
743 1889 821 1914 cum
843 1876 1029 1926 voluptate
1052 1876 1217 1913 audiunt.
1267 1875 1383 1914 Bea-

231 1951 322 1991 tus,
370 1943 576 1981 fortunatus
605 1951 734 1987 cantu;
778 1957 848 1980 non
880 1944 1009 1994 plenus
1038 1944 1242 1994 potentiae,
1288 1943 1383 1993 quod

232 2013 376 2049 Probus
413 2012 613 2049 contendit.
691 2011 869 2049 Laurus
907 2011 1057 2061 antiqua
1092 2011 1274 2061 positione
1318 2024 1383 2061 pro

235 2082 382 2118 lauros
419 2092 439 2117 e
474 2079 640 2116 Mediceo
679 2080 783 2116 libr0.
849 2079 995 2116 Pierius
1033 2079 1066 2115 in
1105 2077 1254 2127 antiquo
1292 2078 1383 2114 libro

235 2161 340 2185 manu
372 2147 506 2197 scripto
537 2148 747 2183 racalmos
768 2146 923 2196 reperit,
954 2159 973 2182 e
993 2158 1062 2194 quo
1086 2158 1227 2181 ramos
1251 2152 1287 2182 et
1310 2158 1382 2182 ra·

235 2228 315 2253 nas
345 2215 637 2252 enucleaverunt.
697 2214 826 2251 Verum
863 2227 915 2250 ra
951 2226 996 2250 ex
1035 2213 1224 2250 ediscere
1260 2225 1382 2250 accre-

237 2283 307 2327 vit;
335 2284 512 2325 culmos,
543 2282 635 2331 quod
668 2281 898 2330 relinquitur.
929 2294 994 2330 pro
1023 2282 1213 2317 calamos
1236 2293 1281 2317 ex
1307 2280 1383 2329 plu-
