1515 2620
449 113 650 150 ECLOGA
682 113 730 158 X,
763 116 815 152 35
845 118 969 152 —41.
1196 121 1282 160 215

93 224 214 262 festas
250 225 380 276 epulas
418 224 575 263 dominis
614 229 652 262 et
681 225 801 264 servis
831 226 938 272 dant,
976 239 1085 264 unam
1116 239 1281 264 mensam

93 297 319 342 apparentes
357 292 546 339 omnibus,
588 306 813 330 communem
856 293 974 331 cibum
1012 294 1181 331 omnibus
1217 307 1282 345 ap-

92 364 297 411 ponentes,
353 360 593 410 eumdemque
646 360 800 397 calicem
855 361 1023 398 omnihus
1067 360 1280 399 miscentes.

96 428 200 466 Haec
236 440 298 465 res
335 428 548 465 memoriam
586 426 697 464 affert
726 427 839 478 prisci
869 428 1042 474 Catonis,
1083 429 1143 479 qui
1173 428 1281 466 semi-

94 495 216 532 nudus
247 508 328 533 cum
357 495 477 534 servis
506 495 584 532 suis
614 494 783 532 certatim
812 509 905 546 opus
923 494 1097 540 faciebat,
1129 501 1166 532 et
1184 495 1282 532 inter

92 562 179 600 illos
215 562 351 600 sedens
390 562 510 600 cibum
547 567 746 613 potumque
785 563 1046 613 participabat.
1086 585 1141 590 -—
1178 563 1281 600 luter

91 643 172 675 vos,
202 630 382 677 Arcades,
413 643 462 668 ex
491 628 648 675 infimis,
678 629 790 666 rebus
821 629 966 679 quidem
998 630 1186 666 nonnullis
1218 644 1279 667 ca-

91 696 270 744 ruissem,
318 697 384 736 sed
427 705 544 736 certe
581 696 839 749 indulgentiae
877 709 981 734 meae
1013 697 1280 747 obsequentem

92 765 270 816 puellam,
315 771 532 810 venustum,
575 764 741 815 quamvis
779 765 859 802 sole
895 764 1087 810 adustum,
1127 778 1279 816 puerum

91 832 309 883 repererim.
369 832 527 870 Rustica
556 832 806 883 comparatio,
850 845 945 882 quae
965 832 1148 878 ,fuscum
1177 832 1278 870 colo-

90 912 167 937 rem
197 900 382 950 Amyntae
419 912 602 937 excusare
639 900 737 945 vult,
781 899 818 936 in
856 900 910 945 ΙΙ,
951 905 1000 938 18
1032 900 1277 938 Theocritum

90 966 142 1015 X,
173 970 225 1006 28
256 966 412 1014 imitata,
443 967 502 1004 hic
531 979 651 1018 paene
681 966 728 1004 ud
758 967 909 1005 verbum
940 967 1190 1006 convertitur:

180 1053 310 1097 Nigrae
334 1058 413 1088 sunt
435 1054 558 1097 violae,
584 1055 729 1098 scriptus
754 1055 853 1097 niger
876 1059 927 1089 est
950 1054 1162 1097 hyacinthus.

92 1135 215 1188 Nigra
261 1137 382 1173 viola
422 1140 480 1174 est
523 1132 586 1173 ἴον
630 1135 764 1173 eximie
810 1136 966 1181 dictum,
1012 1136 1112 1174 viola
1147 1141 1278 1175 nostra

95 1204 282 1242 odorata
312 1204 367 1250 ll,
399 1208 472 1250 473
502 1206 693 1242 vaccinia·
722 1216 877 1249 nomen,
909 1216 1026 1254 aeque
1056 1217 1100 1242 ac
1129 1204 1278 1254 hyacin-

91 1271 165 1318 thi,
203 1271 461 1323 complectitur
499 1276 537 1309 et
575 1271 810 1322 Delpliinium
849 1276 887 1309 et
917 1272 990 1308 lrin
1022 1272 1074 1318 ΙΙ,
1117 1277 1180 1312 18.
1212 1273 1276 1318 lll,

94 1344 188 1378 106,
220 1339 378 1377 Incisum
411 1343 496 1390 post
524 1341 681 1382 violae,
715 1345 753 1376 et
781 1346 884 1377 emet
912 1340 958 1376 ad
980 1340 1193 1390 sequentia3
1224 1340 1278 1378 ita

89 1419 222 1446 versus
262 1412 300 1445 et
337 1406 569 1445 continuatio
606 1407 801 1445 verborum
839 1406 957 1457 spirat
995 1407 1131 1444 uerius.
1190 1407 1274 1444 Non

87 1474 208 1514 minus
237 1479 346 1512 acute
375 1479 489 1525 poeta
517 1474 770 1527 Anthologiae
800 1472 941 1511 fuscam
972 1487 1075 1512 suam
1091 1473 1274 1524 Didymen

87 1541 277 1581 restituit:

179 1630 288 1672 Nigra
311 1628 355 1663 sit
380 1628 437 1662 illa
460 1628 561 1670 licet3
587 1629 667 1672 quid
691 1627 822 1662 refert?
847 1629 946 1671 nigra
970 1627 1085 1663 favilla
1109 1635 1179 1664 est:

356 1685 476 1729 Spira!
503 1689 537 1719 ct
562 1689 725 1729 utraeque
750 1686 858 1718 nitent
883 1690 918 1718 ut
941 1685 1031 1718 rosei
1056 1687 1201 1728 calyces.

89 1777 287 1815 Sententia
316 1777 369 1815 ita
399 1777 657 1828 consequitur:
696 1777 837 1827 Phyllis
875 1781 939 1814 uut
968 1778 1151 1830 Amyntas
1180 1784 1269 1818 tem-

85 1858 179 1897 pore
208 1845 412 1883 meridiano
443 1844 510 1882 suh
541 1845 669 1883 umbra
698 1848 883 1883 salicum
919 1859 1035 1897 prope
1067 1851 1269 1886 torrentem

87 1926 168 1951 cum
199 1918 352 1964 pastore
382 1912 617 1962 quiescerent
649 1913 725 1958 Vll,
758 1916 825 1952 45.
856 1914 926 1951 Lh.
959 1915 1021 1960 lll,
1054 1922 1154 1960 3313
1184 1929 1267 1953 cum

86 1984 276 2020 vinitore
307 1994 419 2031 super
450 1985 532 2017 toro
564 1979 748 2018 frondium
779 1982 846 2018 suh
877 1986 975 2019 tecto
992 1985 1095 2019 vitis
1112 1989 1267 2022 venuste

88 2046 267 2094 inflexae,
299 2063 332 2087 v.
364 2048 465 2096 Cap.
497 2054 534 2093 ⁴3,
566 2053 603 2094 8,
635 2056 701 2088 31.
761 2049 837 2087 lllic
868 2049 1008 2099 Phyllis
1038 2048 1149 2087 flores
1180 2051 1266 2089 mihi

87 2129 298 2167 camporum
333 2116 381 2154 ad
418 2120 520 2153 serta
557 2117 723 2167 legeret,
760 2117 818 2154 hic
854 2123 1008 2155 cnuneret
1037 2119 1083 2156 ud
1115 2119 1264 2158 hilarem

87 2183 276 2235 potionem
321 2185 512 2234 Amyntas,
581 2186 684 2237 Ergo
729 2190 814 2235 post
859 2188 1019 2223 salices
1068 2188 1262 2226 incidatur.

88 2251 232 2290 Salices
260 2250 396 2290 vitibus
427 2251 563 2289 circum
593 2253 684 2290 sutis
715 2253 860 2291 Colum.
891 2253 942 2298 V,
976 2258 1001 2291 7
1041 2255 1075 2292 in
1108 2257 1264 2306 palustri
