1515 2620
197 148 286 190 ¹24
516 143 721 180 ECLOGA
752 143 848 190 viu,
881 149 1062 184 37—41.

196 256 385 295 Similibus
427 255 479 291 ibi
521 254 616 300 XX,
671 261 696 294 8
734 269 757 294 a
793 256 956 295 delicata
985 258 1130 295 urbana
1157 273 1285 300 amaus
1317 262 1381 300 bu-

195 324 325 362 bulcus
356 322 541 372 repulsam
572 320 667 359 fert:

333 400 444 434 Quam
470 398 530 431 tibi
556 399 660 432 barba
683 399 759 432 ssuit
783 400 894 433 mollis
919 411 1113 444 suavesque
1138 401 1274 446 capilli!

192 469 250 508 Ad
284 469 383 520 quod
408 469 513 520 justa
543 468 605 506 ille
634 467 789 506 fidentia
819 470 1009 507 exclamat
1040 484 1073 509 v.
1105 475 1181 509 21:

333 558 425 591 Num
451 559 629 590 mortalem
655 556 758 590 alium
784 557 825 590 Di
852 569 907 591 me
932 560 1066 592 linxere
1091 559 1260 602 repente?

332 615 369 646 ln
397 624 450 647 nie
474 612 583 645 forma
607 612 732 646 etenim
758 614 901 647 florebat
928 626 1016 647 nunc
1042 615 1142 648 modo
1169 615 1291 657 dulcis,

332 671 491 703 Truncos
517 673 553 702 ut
577 668 719 711 cingunt
742 669 902 711 hederae,
929 675 1080 704 mentum
1106 671 1186 705 mihi
1211 672 1386 715 spissans3

329 726 444 770 thue
467 725 582 768 apium
607 725 718 758 crines
743 727 905 760 ludebant
929 732 1084 771 tempora
1108 727 1247 761 circuni.

205 797 372 838 Villoea
402 795 560 840 barba,
595 791 734 831 barba
759 799 1004 842 promissa,
1035 801 1250 847 immissa,
1278 810 1383 846 pro-

198 868 321 910 lisca,
351 875 583 913 propexa‚
618 863 830 914 neglectam
862 864 1029 901 ostendit
1059 865 1254 912 culturam,
1287 879 1382 916 quae

195 933 346 971 barbam
378 929 535 980 requirit
564 930 762 981 eleganter
792 931 1007 977 breviatam,
1039 932 1217 970 barbam
1241 941 1383 970 atton-

195 1013 303 1046 sam,
336 998 481 1049 qualem
513 997 611 1035 illam
643 998 788 1035 bonesti
821 998 950 1049 Tityri
981 1000 1016 1045 1,
1051 1005 1116 1038 29.
1178 1000 1236 1038 Cf.
1267 1001 1381 1039 Juve-

195 1067 291 1106 nalis
321 1063 563 1116 σχολιαστὴς
593 1066 689 1104 Sat.
720 1066 783 1111 lv,
819 1071 911 1104 103.
972 1067 1152 1104 Rusticus
1183 1068 1220 1104 in
1251 1069 1382 1105 Theo-

194 1134 338 1188 phrasti
376 1132 655 1170 characteribus
697 1133 748 1178 V,
780 1146 868 1179 non,
900 1133 972 1170 nisi
1003 1146 1113 1184 quum
1145 1147 1166 1170 a
1197 1135 1384 1172 montibus

194 1204 241 1242 ad
271 1202 399 1240 urbem
431 1200 552 1246 venit,
584 1200 734 1238 barbam
767 1205 805 1238 et
835 1200 1006 1251 capillum
1037 1201 1109 1238 sibi
1140 1202 1288 1239 tonderi
1319 1215 1384 1239 cu-

191 1276 264 1309 rat.
323 1270 573 1315 Promissa,
614 1282 682 1320 pro
721 1268 870 1306 tritiore
895 1271 1112 1317 prolixa,
1152 1276 1301 1308 veteres
1331 1269 1384 1307 le·

191 1339 335 1392 gebant
365 1336 606 1376 Grammatici
636 1336 838 1375 Diomedes
870 1342 907 1374 et
937 1337 1113 1384 Servius,
1153 1336 1381 1376 llafnienses

191 1418 352 1458 quoque.

308 1475 489 1512 37—41.
551 1472 662 1508 Tene
693 1471 778 1508 mihi
810 1471 987 1521 perfidam
1019 1486 1115 1517 esse,
1147 1474 1209 1523 qui
1240 1486 1263 1510 a
1293 1486 1382 1524 pue-

194 1541 282 1579 ritia
326 1544 431 1577 tanto
468 1543 506 1576 te
544 1539 679 1576 ardore
715 1539 933 1576 amaverim!
975 1561 1029 1567 -—
1065 1541 1203 1577 filatur-i
1243 1540 1382 1578 amoris

194 1607 430 1647 adumbratio
469 1606 726 1642 'l‘hencriteae
762 1607 837 1650 xl,
878 1611 929 1645 26
969 1607 1085 1644 libera
1118 1608 1276 1645 imitatio
1309 1614 1379 1654 est,

194 1676 257 1714 ubi
280 1674 431 1727 juvenis
463 1673 625 1723 Cyclops
655 1673 701 1710 ad
734 1674 929 1711 Galateam
960 1674 1148 1725 loquitur:

331 1764 462 1805 Captus
487 1772 605 1794 amore
629 1761 677 1794 tui
703 1760 854 1803 sueram,
888 1762 930 1795 de
956 1766 1093 1803 moute,
1122 1764 1246 1806 puella,

331 1821 444 1854 Quum
472 1818 614 1861 primum
641 1828 716 1850 cum
742 1823 850 1851 matre
877 1830 950 1851 mea
977 1818 1115 1851 frondes
1141 1819 1312 1861 hyacinthi

329 1875 493 1909 venisses
517 1879 694 1917 carptunr,
721 1875 801 1907 (luxi
828 1886 888 1908 vos
915 1874 987 1919 ipse
1012 1887 1077 1917 ego
1103 1877 1218 1909 calles.

193 1946 264 1984 Hic
301 1946 392 1983 Nisa
423 1944 563 1995 primae
593 1944 713 1981 adbuc
744 1945 880 1981 :uelatis
910 1959 1017 1983 mane
1049 1946 1274 1983 auctumuali
1306 1959 1380 1982 ma-

193 2019 287 2052 trem
318 2012 416 2050 illius
446 2011 545 2057 visit,
576 2011 622 2048 ab
654 2025 771 2061 eaque
803 2012 838 2048 in
872 2013 1017 2049 bortum
1050 2013 1271 2065 frugiferum
1296 2027 1379 2064 pre-

193 2081 299 2120 cibus
337 2079 559 2125 attrabitur-3
608 2085 737 2129 pastor
774 2080 995 2117 adolescens
1035 2094 1178 2132 guarus
1218 2094 1298 2118 eam
1330 2082 1377 2132 ad

195 2150 350 2188 arbores
388 2147 525 2186 circum
557 2147 677 2192 ducit,
718 2146 778 2184 ubi
811 2147 1055 2197 pulcherrima
1085 2150 1226 2187 mala.
1265 2149 1378 2199 cydo-

194 2217 256 2254 nia
285 2221 324 2254 et
352 2220 536 2268 grauata,
574 2229 676 2253 rore
705 2219 921 2253 matutino
952 2216 1071 2253 adbuc
1102 2217 1308 2262 madentia,
1341 2218 1377 2254 in

195 2284 308 2322 ramis
347 2287 622 2329 matur-nerant,
669 2283 775 2321 bilari
817 2284 1017 2322 sedulitate
1049 2283 1129 2334 ipse
1159 2286 1377 2336 decerpens,
