1472 2620
398 137 598 175 ECLOGA
629 137 688 181 Vl,
719 140 912 175 82-86,
1178 140 1237 179 65

82 251 181 288 ribus
209 249 363 288 vetustis
392 249 494 286 libris
525 249 559 285 in
578 247 685 285 Lucii
715 247 876 285 editione
901 250 1110 284 annotatur.
1167 247 1238 284 Ae-

82 322 157 354 tate
187 329 305 354 rerum
335 329 478 367 quoque
507 315 625 366 perita
655 314 866 351 coelestium
903 314 1063 350 coelum
1100 315 1238 351 stelli-

72 385 222 431 ferum
261 384 360 421 orbis
395 388 475 420 erat
510 382 556 419 ad
595 381 751 431 speciem
791 381 1024 431 opinantibus
1068 394 1182 432 prope
1219 394 1241 419 a

83 451 237 488 nubibus
267 450 511 502 conglobatus
540 461 620 485 eum
651 449 819 485 animatis
846 449 1040 486 sideribus.
1099 448 1241 499 Euripi-

83 518 147 555 des
178 517 256 555 Hel.
290 521 393 556 1503
428 517 492 564 {al-
525 516 646 562 1487}
680 528 814 567 grueS,
857 520 998 552 tractus
1028 515 1148 552 socias
1176 528 1242 552 nu-

84 585 197 630 bium,
250 584 296 621 ad
333 583 518 635 Vergilias
554 588 591 620 et
634 588 742 619 nocte
782 582 1032 618 obumbratum
1071 583 1243 619 Orionem

83 652 229 690 evolare
254 651 370 701 jubet.
429 650 587 702 Magnus
616 649 732 700 igitur
766 648 884 686 fertur
913 648 959 684 ad
995 648 1115 685 sidera
1144 650 1242 686 soni-

84 723 144 755 tus
175 724 213 755 et
241 731 263 755 a
293 717 472 754 sideribus
512 715 671 754 refertur
701 716 769 752 Lb.
801 716 871 760 ΙΙΙ,
905 720 995 753 150.
1035 720 1126 753 223.
1185 716 1243 752 si-

84 785 208 830 lenus,
251 785 310 835 qui
340 785 415 822 alta
445 785 524 821 luce
555 796 660 820 orsus
690 787 769 820 erat
798 796 832 820 v.
866 787 928 826 16,
958 782 1082 833 pergit
1111 795 1243 820 canen-

84 852 151 897 do,
196 852 312 890 donec
343 856 530 901 pastores,
574 851 741 900 interque
771 854 938 900 pastores
980 854 1123 899 poetam
1154 863 1244 900 quo-

85 931 175 969 que,
228 919 287 968 qui
324 916 527 965 opilionis
573 930 766 967 personam
803 930 940 968 gerens
981 930 1014 954 v.
1055 921 1077 955 5
1118 918 1243 967 procul

91 985 210 1023 astitit
231 991 269 1022 et
292 985 418 1029 audiit,
451 984 589 1035 Vesper
619 984 741 1021 oriens
766 984 860 1027 vlu,
896 989 944 1021 17
975 989 1011 1021 et
1041 990 1092 1022 30
1123 985 1244 1022 borta-

87 1058 163 1100 tur,
193 1057 233 1089 ut
259 1052 295 1088 in
317 1056 422 1102 septa
447 1052 602 1088 saltuum
629 1064 769 1103 greges
793 1051 1030 1101 compellant,
1062 1056 1098 1088 et
1124 1052 1243 1089 denuo

88 1133 155 1157 eos
193 1124 463 1171 recognoscant
500 1118 569 1155 Lb.
608 1118 667 1164 Π,
705 1124 798 1157 433.
872 1118 1038 1168 Cogere
1075 1120 1243 1168 quoniam

87 1200 164 1225 nos
190 1194 412 1235 pastores,
459 1186 553 1235 quod
595 1186 718 1231 deest,
760 1190 880 1222 mente
910 1186 992 1222 addi
1017 1186 1141 1236 jubet,
1178 1200 1243 1224 re-

76 1256 208 1302 ferre
235 1253 430 1305 legendum
462 1259 537 1297 est,
568 1253 683 1301 quod,
724 1258 852 1289 contra
881 1259 1043 1290 veterum
1073 1253 1246 1291 librorum

87 1322 272 1367 referri,
303 1319 626 1357 Grammaticorum
658 1320 896 1364 auctoritate,
936 1320 1036 1356 libris
1067 1321 1247 1370 antiquio-

89 1400 185 1432 rum,
216 1385 434 1423 defenditur.
503 1386 672 1433 Vesper,
702 1386 809 1422 stella
840 1386 1007 1430 Veneris,
1052 1400 1155 1436 quum
1186 1400 1246 1423 so-

89 1454 157 1491 lem
187 1452 435 1503 subsequitur,
466 1465 488 1489 a
518 1453 669 1490 Graecis
700 1453 908 1501 pastoribus
937 1449 1072 1498 αἶ”λιος
1102 1467 1246 1504 quoque

89 1521 167 1559 sive
197 1520 394 1557 cohortalis
422 1519 527 1556 stella
551 1519 750 1556 dicebatur.
816 1518 1019 1569 Olympos
1044 1520 1083 1565 Υ,
1104 1526 1153 1558 51)·
1178 1522 1246 1558 Ιιοο

89 1587 232 1638 quidem
262 1587 341 1624 loco
378 1586 545 1636 superior
574 1587 684 1624 coeli
718 1589 971 1634 complexu-3
1010 1600 1087 1624 cuin
1118 1588 1245 1625 sideri-

91 1655 158 1692 bus
188 1659 262 1700 est,
293 1666 385 1704 quae
415 1654 458 1690 ad
481 1654 595 1690 Sileni
627 1659 769 1690 cautum
803 1654 1052 1698 attenderant,
1084 1660 1120 1691 et
1151 1668 1245 1692 nunc

95 1721 226 1767 invita,
255 1722 418 1771 Hespero
450 1721 686 1766 adveniente,
717 1720 823 1756 finem
848 1721 1055 1758 audiebant.
1116 1723 1243 1760 Parem

92 1788 384 1840 indignationem
414 1788 493 1824 Soli
531 1787 709 1823 llomerus
741 1787 865 1823 tribuit
903 1788 943 1824 ll.
973 1788 1111 1832 Xl‘lll,
1145 1794 1241 1828 239:

182 1863 248 1896 Sed
273 1864 385 1896 Solem
411 1867 478 1895 tuin
503 1866 595 1894 torva
619 1867 713 1894 tuens
739 1863 993 1906 venerandaque
1014 1865 1100 1897 Juno

183 1918 275 1952 Misit
297 1918 337 1951 ad
362 1917 488 1951 Oceani
512 1917 629 1950 fluetus
653 1917 789 1951 invitum
814 1920 1001 1952 abeuntem.
