<?xml version="1.0" encoding="UTF-8"?>
<!DOCTYPE html PUBLIC "-//W3C//DTD XHTML 1.0 Transitional//EN"
    "http://www.w3.org/TR/xhtml1/DTD/xhtml1-transitional.dtd">
<html xmlns="http://www.w3.org/1999/xhtml" xml:lang="en" lang="en">
 <head>
  <title>
</title>
<meta http-equiv="Content-Type" content="text/html;charset=utf-8" />
  <meta name='ocr-system' content='tesseract 3.04.00' />
  <meta name='ocr-capabilities' content='ocr_page ocr_carea ocr_par ocr_line ocrx_word'/>
</head>
<body>
  <div class='ocr_page' id='page_1' title='image "./eclogaevix00virguoft_0078.png"; bbox 0 0 1472 2620; ppageno 0'>
   <div class='ocr_carea' id='block_1_1' title="bbox 138 142 983 189">
    <p class='ocr_par' dir='ltr' id='par_1_1' title="bbox 138 142 983 189">
     <span class='ocr_line' id='line_1_1' title="bbox 138 142 983 189; baseline 0 -9"><span class='ocrx_word' id='word_1_1' title='bbox 138 150 196 189; x_wconf 77' lang='lat'>⁷2</span> <span class='ocrx_word' id='word_1_2' title='bbox 466 142 670 180; x_wconf 77' lang='lat' dir='ltr'><strong>ECLOGA</strong></span> <span class='ocrx_word' id='word_1_3' title='bbox 703 142 780 188; x_wconf 80' lang='lat' dir='ltr'>vn,</span> <span class='ocrx_word' id='word_1_4' title='bbox 811 146 983 181; x_wconf 76' lang='lat'><strong>6—-13,</strong></span> 
     </span>
    </p>
   </div>
   <div class='ocr_carea' id='block_1_2' title="bbox 136 253 1320 2332">
    <p class='ocr_par' dir='ltr' id='par_1_2' title="bbox 137 253 1312 631">
     <span class='ocr_line' id='line_1_2' title="bbox 139 253 1312 308; baseline -0.002 -13"><span class='ocrx_word' id='word_1_5' title='bbox 139 257 282 308; x_wconf 87' lang='lat' dir='ltr'>quidem</span> <span class='ocrx_word' id='word_1_6' title='bbox 313 257 491 307; x_wconf 80' lang='lat' dir='ltr'>objurgat</span> <span class='ocrx_word' id='word_1_7' title='bbox 521 267 606 299; x_wconf 82' lang='lat' dir='ltr'>eOS,</span> <span class='ocrx_word' id='word_1_8' title='bbox 647 253 745 303; x_wconf 86' lang='lat' dir='ltr'>quod</span> <span class='ocrx_word' id='word_1_9' title='bbox 769 257 896 301; x_wconf 75' lang='lat' dir='ltr'>porci</span> <span class='ocrx_word' id='word_1_10' title='bbox 928 256 1037 300; x_wconf 72' lang='lat' dir='ltr'>siat,</span> <span class='ocrx_word' id='word_1_11' title='bbox 1076 259 1151 305; x_wconf 77' lang='lat' dir='ltr'>qni</span> <span class='ocrx_word' id='word_1_12' title='bbox 1179 257 1312 306; x_wconf 78' lang='lat' dir='ltr'><em>glan-</em></span> 
     </span>
     <span class='ocr_line' id='line_1_3' title="bbox 139 320 1312 373; baseline -0.003 -10"><span class='ocrx_word' id='word_1_13' title='bbox 139 325 265 363; x_wconf 67' lang='lat' dir='ltr'>dibus</span> <span class='ocrx_word' id='word_1_14' title='bbox 294 330 549 366; x_wconf 66' lang='lat' dir='ltr'>vescuntur,-</span> <span class='ocrx_word' id='word_1_15' title='bbox 584 320 806 373; x_wconf 85' lang='lat' dir='ltr'>Fulgentius</span> <span class='ocrx_word' id='word_1_16' title='bbox 837 321 981 359; x_wconf 82' lang='lat' dir='ltr'>deridet</span> <span class='ocrx_word' id='word_1_17' title='bbox 1017 321 1145 358; x_wconf 77' lang='lat' dir='ltr'>tardos</span> <span class='ocrx_word' id='word_1_18' title='bbox 1172 322 1312 360; x_wconf 83' lang='lat' dir='ltr'>Arca-</span> 
     </span>
     <span class='ocr_line' id='line_1_4' title="bbox 139 387 1310 442; baseline -0.001 -12"><span class='ocrx_word' id='word_1_19' title='bbox 139 393 257 430; x_wconf 68' lang='lat' dir='ltr'>dicos</span> <span class='ocrx_word' id='word_1_20' title='bbox 287 402 441 436; x_wconf 87' lang='lat' dir='ltr'>sensus;</span> <span class='ocrx_word' id='word_1_21' title='bbox 478 389 575 440; x_wconf 81' lang='lat' dir='ltr'>apud</span> <span class='ocrx_word' id='word_1_22' title='bbox 605 388 821 428; x_wconf 81' lang='lat' dir='ltr'>Juvenalem</span> <span class='ocrx_word' id='word_1_23' title='bbox 853 387 1000 440; x_wconf 75' lang='lat' dir='ltr'>[Satyr.</span> <span class='ocrx_word' id='word_1_24' title='bbox 1032 389 1106 434; x_wconf 86' lang='grc' dir='ltr'>ΙΙΙ,</span> <span class='ocrx_word' id='word_1_25' title='bbox 1136 394 1182 434; x_wconf 88' lang='grc'>7,</span> <span class='ocrx_word' id='word_1_26' title='bbox 1214 394 1310 442; x_wconf 75' lang='lat'><strong>160)</strong></span> 
     </span>
     <span class='ocr_line' id='line_1_5' title="bbox 137 457 269 508; baseline -0.015 -12"><span class='ocrx_word' id='word_1_27' title='bbox 137 457 269 508; x_wconf 78' lang='lat' dir='ltr'>aliquis</span> 
     </span>
     <span class='ocr_line' id='line_1_6' title="bbox 361 531 1041 577; baseline -0.001 -11"><span class='ocrx_word' id='word_1_28' title='bbox 361 552 404 556; x_wconf 94' lang='lat'>—-</span> <span class='ocrx_word' id='word_1_29' title='bbox 427 551 471 557; x_wconf 88' lang='grc'>-</span> <span class='ocrx_word' id='word_1_30' title='bbox 495 532 549 566; x_wconf 90' lang='lat' dir='ltr'>cui</span> <span class='ocrx_word' id='word_1_31' title='bbox 572 533 670 567; x_wconf 82' lang='lat' dir='ltr'>laeva</span> <span class='ocrx_word' id='word_1_32' title='bbox 693 532 728 566; x_wconf 90' lang='lat' dir='ltr'>in</span> <span class='ocrx_word' id='word_1_33' title='bbox 751 537 848 577; x_wconf 84' lang='lat' dir='ltr'>parte</span> <span class='ocrx_word' id='word_1_34' title='bbox 872 531 1041 566; x_wconf 81' lang='lat' dir='ltr'>mamillae</span> 
     </span>
     <span class='ocr_line' id='line_1_7' title="bbox 359 589 530 631; baseline 0 -9"><span class='ocrx_word' id='word_1_35' title='bbox 359 589 418 623; x_wconf 88' lang='lat' dir='ltr'>Nil</span> <span class='ocrx_word' id='word_1_36' title='bbox 441 589 530 631; x_wconf 87' lang='lat' dir='ltr'>salit,</span> 
     </span>
    </p>

    <p class='ocr_par' dir='ltr' id='par_1_3' title="bbox 136 658 1320 2261">
     <span class='ocr_line' id='line_1_8' title="bbox 138 658 1313 707; baseline -0.002 -9"><span class='ocrx_word' id='word_1_37' title='bbox 138 660 384 698; x_wconf 74' lang='lat' dir='ltr'>Arcadicns</span> <span class='ocrx_word' id='word_1_38' title='bbox 396 660 578 707; x_wconf 68' lang='lat' dir='ltr'>juvenis</span> <span class='ocrx_word' id='word_1_39' title='bbox 595 659 747 705; x_wconf 85' lang='lat' dir='ltr'>dicitur3</span> <span class='ocrx_word' id='word_1_40' title='bbox 772 664 810 695; x_wconf 90' lang='lat' dir='ltr'>et</span> <span class='ocrx_word' id='word_1_41' title='bbox 826 659 1001 695; x_wconf 83' lang='lat' dir='ltr'>Erasmus</span> <span class='ocrx_word' id='word_1_42' title='bbox 1021 658 1065 695; x_wconf 91' lang='lat' dir='ltr'>de</span> <span class='ocrx_word' id='word_1_43' title='bbox 1086 663 1192 696; x_wconf 85' lang='lat' dir='ltr'>vasto</span> <span class='ocrx_word' id='word_1_44' title='bbox 1214 671 1313 696; x_wconf 82' lang='lat' dir='ltr'>cras-</span> 
     </span>
     <span class='ocr_line' id='line_1_9' title="bbox 137 721 1313 778; baseline -0.002 -13"><span class='ocrx_word' id='word_1_45' title='bbox 137 741 254 778; x_wconf 85' lang='lat' dir='ltr'>soque</span> <span class='ocrx_word' id='word_1_46' title='bbox 288 727 415 778; x_wconf 78' lang='lat' dir='ltr'><strong>stipite</strong></span> <span class='ocrx_word' id='word_1_47' title='bbox 444 727 676 778; x_wconf 78' lang='lat' dir='ltr'>proverbium</span> <span class='ocrx_word' id='word_1_48' title='bbox 707 726 817 763; x_wconf 89' lang='lat' dir='ltr'>babet</span> <span class='ocrx_word' id='word_1_49' title='bbox 845 721 1057 776; x_wconf 71' lang='grc' dir='ltr'>Ἀρκάὸιον</span> <span class='ocrx_word' id='word_1_50' title='bbox 1082 722 1313 775; x_wconf 53' lang='grc' dir='ltr'><em>βλάστῃ-μα,</em></span> 
     </span>
     <span class='ocr_line' id='line_1_10' title="bbox 136 794 1316 844; baseline -0.003 -11"><span class='ocrx_word' id='word_1_51' title='bbox 136 795 361 834; x_wconf 77' lang='lat' dir='ltr'>Arcadica</span> <span class='ocrx_word' id='word_1_52' title='bbox 373 796 576 841; x_wconf 75' lang='lat' dir='ltr'>foetura.</span> <span class='ocrx_word' id='word_1_53' title='bbox 628 795 704 831; x_wconf 84' lang='lat' dir='ltr'>Res</span> <span class='ocrx_word' id='word_1_54' title='bbox 729 794 792 831; x_wconf 81' lang='lat' dir='ltr'>illa</span> <span class='ocrx_word' id='word_1_55' title='bbox 817 794 1016 832; x_wconf 81' lang='lat' dir='ltr'>tenerrima</span> <span class='ocrx_word' id='word_1_56' title='bbox 1042 794 1182 844; x_wconf 81' lang='lat' dir='ltr'>piarum</span> <span class='ocrx_word' id='word_1_57' title='bbox 1210 800 1316 830; x_wconf 85' lang='lat' dir='ltr'>natu-</span> 
     </span>
     <span class='ocr_line' id='line_1_11' title="bbox 137 859 1317 913; baseline -0.001 -13"><span class='ocrx_word' id='word_1_58' title='bbox 137 875 259 900; x_wconf 84' lang='lat' dir='ltr'>rarum</span> <span class='ocrx_word' id='word_1_59' title='bbox 290 866 433 899; x_wconf 82' lang='lat' dir='ltr'>tantum</span> <span class='ocrx_word' id='word_1_60' title='bbox 466 875 539 898; x_wconf 90' lang='lat' dir='ltr'>non</span> <span class='ocrx_word' id='word_1_61' title='bbox 570 860 649 898; x_wconf 90' lang='lat' dir='ltr'>sine</span> <span class='ocrx_word' id='word_1_62' title='bbox 681 875 859 913; x_wconf 78' lang='lat' dir='ltr'>corpore,</span> <span class='ocrx_word' id='word_1_63' title='bbox 891 875 982 912; x_wconf 85' lang='lat' dir='ltr'>quas</span> <span class='ocrx_word' id='word_1_64' title='bbox 1011 859 1202 899; x_wconf 71' lang='lat' dir='ltr'>homiues⁸</span> <span class='ocrx_word' id='word_1_65' title='bbox 1234 873 1317 908; x_wconf 76' lang='lat' dir='ltr'>pa-</span> 
     </span>
     <span class='ocr_line' id='line_1_12' title="bbox 137 928 1316 980; baseline -0.001 -13"><span class='ocrx_word' id='word_1_66' title='bbox 137 938 278 968; x_wconf 73' lang='lat' dir='ltr'>stores</span> <span class='ocrx_word' id='word_1_67' title='bbox 304 932 450 976; x_wconf 59' lang='lat' dir='ltr'>gentis</span> <span class='ocrx_word' id='word_1_68' title='bbox 481 928 729 967; x_wconf 75' lang='lat' dir='ltr'>Arcmlicae</span> <span class='ocrx_word' id='word_1_69' title='bbox 766 930 940 974; x_wconf 87' lang='lat' dir='ltr'>dicimus,</span> <span class='ocrx_word' id='word_1_70' title='bbox 991 930 1175 967; x_wconf 82' lang='lat' dir='ltr'>veteribus</span> <span class='ocrx_word' id='word_1_71' title='bbox 1207 930 1316 980; x_wconf 80' lang='lat' dir='ltr'>plane</span> 
     </span>
     <span class='ocr_line' id='line_1_13' title="bbox 139 996 1317 1049; baseline 0 -16"><span class='ocrx_word' id='word_1_72' title='bbox 139 997 271 1049; x_wconf 82' lang='lat' dir='ltr'>ignota</span> <span class='ocrx_word' id='word_1_73' title='bbox 308 996 379 1034; x_wconf 85' lang='lat' dir='ltr'>fuit</span> <span class='ocrx_word' id='word_1_74' title='bbox 409 997 463 1042; x_wconf 85' lang='lat' dir='ltr'>X,</span> <span class='ocrx_word' id='word_1_75' title='bbox 505 1001 568 1035; x_wconf 87' lang='grc'>19.</span> <span class='ocrx_word' id='word_1_76' title='bbox 630 997 684 1033; x_wconf 81' lang='lat' dir='ltr'>Ex</span> <span class='ocrx_word' id='word_1_77' title='bbox 717 997 914 1034; x_wconf 78' lang='lat' dir='ltr'><strong>Theocriti</strong></span> <span class='ocrx_word' id='word_1_78' title='bbox 953 997 1158 1042; x_wconf 68' lang='lat' dir='ltr'>mentione,</span> <span class='ocrx_word' id='word_1_79' title='bbox 1208 1010 1317 1048; x_wconf 89' lang='lat' dir='ltr'>quam</span> 
     </span>
     <span class='ocr_line' id='line_1_14' title="bbox 138 1062 1318 1115; baseline -0.001 -14"><span class='ocrx_word' id='word_1_80' title='bbox 138 1065 321 1102; x_wconf 79' lang='lat' dir='ltr'><strong>Arcadum</strong></span> <span class='ocrx_word' id='word_1_81' title='bbox 352 1065 449 1101; x_wconf 86' lang='lat' dir='ltr'>ultro</span> <span class='ocrx_word' id='word_1_82' title='bbox 481 1062 589 1109; x_wconf 86' lang='lat' dir='ltr'>facit,</span> <span class='ocrx_word' id='word_1_83' title='bbox 635 1064 705 1101; x_wconf 89' lang='lat' dir='ltr'>boc</span> <span class='ocrx_word' id='word_1_84' title='bbox 736 1070 877 1101; x_wconf 87' lang='lat' dir='ltr'>tantum</span> <span class='ocrx_word' id='word_1_85' title='bbox 908 1064 1173 1115; x_wconf 80' lang='lat' dir='ltr'>comperimus,</span> <span class='ocrx_word' id='word_1_86' title='bbox 1217 1078 1318 1101; x_wconf 80' lang='lat' dir='ltr'>ama-</span> 
     </span>
     <span class='ocr_line' id='line_1_15' title="bbox 138 1131 1318 1181; baseline 0 -12"><span class='ocrx_word' id='word_1_87' title='bbox 138 1132 236 1169; x_wconf 86' lang='lat' dir='ltr'>toria</span> <span class='ocrx_word' id='word_1_88' title='bbox 264 1132 456 1179; x_wconf 78' lang='lat' dir='ltr'>calluisse,</span> <span class='ocrx_word' id='word_1_89' title='bbox 487 1132 685 1181; x_wconf 83' lang='lat' dir='ltr'>Panaque,</span> <span class='ocrx_word' id='word_1_90' title='bbox 716 1131 748 1168; x_wconf 88' lang='lat' dir='ltr'>si</span> <span class='ocrx_word' id='word_1_91' title='bbox 778 1131 925 1181; x_wconf 83' lang='lat' dir='ltr'>quando</span> <span class='ocrx_word' id='word_1_92' title='bbox 956 1144 1082 1181; x_wconf 82' lang='lat' dir='ltr'>parum</span> <span class='ocrx_word' id='word_1_93' title='bbox 1114 1131 1144 1168; x_wconf 89' lang='lat' dir='ltr'>is</span> <span class='ocrx_word' id='word_1_94' title='bbox 1174 1132 1318 1169; x_wconf 78' lang='lat' dir='ltr'>venati-</span> 
     </span>
     <span class='ocr_line' id='line_1_16' title="bbox 139 1198 1316 1251; baseline -0.001 -14"><span class='ocrx_word' id='word_1_95' title='bbox 139 1199 202 1237; x_wconf 88' lang='lat' dir='ltr'>oni</span> <span class='ocrx_word' id='word_1_96' title='bbox 239 1204 508 1251; x_wconf 79' lang='lat' dir='ltr'><strong>prospexerat,</strong></span> <span class='ocrx_word' id='word_1_97' title='bbox 559 1199 699 1236; x_wconf 80' lang='lat' dir='ltr'>alteros</span> <span class='ocrx_word' id='word_1_98' title='bbox 737 1199 879 1249; x_wconf 85' lang='lat' dir='ltr'>aliquos</span> <span class='ocrx_word' id='word_1_99' title='bbox 919 1199 1136 1250; x_wconf 81' lang='lat' dir='ltr'>Samojedas</span> <span class='ocrx_word' id='word_1_100' title='bbox 1182 1198 1316 1245; x_wconf 84' lang='lat' dir='ltr'>factos,</span> 
     </span>
     <span class='ocr_line' id='line_1_17' title="bbox 138 1266 1320 1317; baseline 0 -13"><span class='ocrx_word' id='word_1_101' title='bbox 138 1268 231 1305; x_wconf 82' lang='lat' dir='ltr'>male</span> <span class='ocrx_word' id='word_1_102' title='bbox 262 1267 455 1305; x_wconf 80' lang='lat' dir='ltr'>mulcasse.</span> <span class='ocrx_word' id='word_1_103' title='bbox 515 1267 606 1304; x_wconf 86' lang='lat' dir='ltr'>lllud</span> <span class='ocrx_word' id='word_1_104' title='bbox 638 1267 798 1304; x_wconf 79' lang='lat' dir='ltr'>musicae</span> <span class='ocrx_word' id='word_1_105' title='bbox 829 1266 1007 1312; x_wconf 85' lang='lat' dir='ltr'>studium,</span> <span class='ocrx_word' id='word_1_106' title='bbox 1052 1267 1149 1317; x_wconf 79' lang='lat' dir='ltr'>quod</span> <span class='ocrx_word' id='word_1_107' title='bbox 1182 1266 1218 1303; x_wconf 93' lang='lat' dir='ltr'>in</span> <span class='ocrx_word' id='word_1_108' title='bbox 1250 1268 1320 1304; x_wconf 77' lang='lat' dir='ltr'>Ar-</span> 
     </span>
     <span class='ocr_line' id='line_1_18' title="bbox 138 1333 1317 1386; baseline -0.002 -13"><span class='ocrx_word' id='word_1_109' title='bbox 138 1335 291 1373; x_wconf 81' lang='lat' dir='ltr'>cadibus</span> <span class='ocrx_word' id='word_1_110' title='bbox 321 1341 422 1381; x_wconf 82' lang='lat' dir='ltr'>crat,</span> <span class='ocrx_word' id='word_1_111' title='bbox 453 1333 534 1372; x_wconf 82' lang='lat' dir='ltr'>fieri</span> <span class='ocrx_word' id='word_1_112' title='bbox 565 1349 637 1372; x_wconf 83' lang='lat' dir='ltr'>non</span> <span class='ocrx_word' id='word_1_113' title='bbox 671 1340 838 1386; x_wconf 80' lang='lat' dir='ltr'>poterat,</span> <span class='ocrx_word' id='word_1_114' title='bbox 878 1334 964 1385; x_wconf 82' lang='lat' dir='ltr'>quin</span> <span class='ocrx_word' id='word_1_115' title='bbox 996 1348 1121 1372; x_wconf 88' lang='lat' dir='ltr'>eorum</span> <span class='ocrx_word' id='word_1_116' title='bbox 1154 1334 1247 1371; x_wconf 85' lang='lat' dir='ltr'>idem</span> <span class='ocrx_word' id='word_1_117' title='bbox 1279 1334 1317 1371; x_wconf 89' lang='lat' dir='ltr'>in</span> 
     </span>
     <span class='ocr_line' id='line_1_19' title="bbox 138 1402 1317 1453; baseline -0.001 -13"><span class='ocrx_word' id='word_1_118' title='bbox 138 1403 257 1441; x_wconf 79' lang='lat' dir='ltr'>servis</span> <span class='ocrx_word' id='word_1_119' title='bbox 286 1416 431 1453; x_wconf 84' lang='lat' dir='ltr'>quoque</span> <span class='ocrx_word' id='word_1_120' title='bbox 455 1408 573 1449; x_wconf 82' lang='lat' dir='ltr'>esset3</span> <span class='ocrx_word' id='word_1_121' title='bbox 605 1416 758 1452; x_wconf 85' lang='lat' dir='ltr'>quorum</span> <span class='ocrx_word' id='word_1_122' title='bbox 782 1402 906 1453; x_wconf 86' lang='lat' dir='ltr'>aliqui,</span> <span class='ocrx_word' id='word_1_123' title='bbox 938 1403 1072 1453; x_wconf 74' lang='lat' dir='ltr'>quippo</span> <span class='ocrx_word' id='word_1_124' title='bbox 1095 1402 1229 1439; x_wconf 79' lang='lat' dir='ltr'>eximie</span> <span class='ocrx_word' id='word_1_125' title='bbox 1252 1416 1317 1453; x_wconf 81' lang='lat' dir='ltr'>pa-</span> 
     </span>
     <span class='ocr_line' id='line_1_20' title="bbox 139 1469 1317 1520; baseline -0.002 -12"><span class='ocrx_word' id='word_1_126' title='bbox 139 1476 305 1516; x_wconf 84' lang='lat' dir='ltr'><strong>scentes,</strong></span> <span class='ocrx_word' id='word_1_127' title='bbox 338 1477 545 1507; x_wconf 80' lang='lat' dir='ltr'>mercatura</span> <span class='ocrx_word' id='word_1_128' title='bbox 575 1471 620 1506; x_wconf 88' lang='lat' dir='ltr'>ad</span> <span class='ocrx_word' id='word_1_129' title='bbox 653 1471 841 1506; x_wconf 80' lang='lat' dir='ltr'>Romanos</span> <span class='ocrx_word' id='word_1_130' title='bbox 867 1471 1118 1507; x_wconf 73' lang='lat' dir='ltr'>dominatores</span> <span class='ocrx_word' id='word_1_131' title='bbox 1147 1469 1317 1520; x_wconf 77' lang='lat' dir='ltr'>perveni-</span> 
     </span>
     <span class='ocr_line' id='line_1_21' title="bbox 141 1537 1320 1589; baseline 0 -15"><span class='ocrx_word' id='word_1_132' title='bbox 141 1537 264 1582; x_wconf 81' lang='lat' dir='ltr'>ebant,</span> <span class='ocrx_word' id='word_1_133' title='bbox 290 1543 327 1574; x_wconf 90' lang='lat' dir='ltr'>et</span> <span class='ocrx_word' id='word_1_134' title='bbox 346 1550 425 1574; x_wconf 89' lang='lat' dir='ltr'>cum</span> <span class='ocrx_word' id='word_1_135' title='bbox 445 1537 635 1574; x_wconf 86' lang='lat' dir='ltr'>Arcadicis</span> <span class='ocrx_word' id='word_1_136' title='bbox 659 1537 818 1574; x_wconf 88' lang='lat' dir='ltr'>moribus</span> <span class='ocrx_word' id='word_1_137' title='bbox 841 1538 1165 1589; x_wconf 71' lang='lat' dir='ltr'>propagabantur:</span> <span class='ocrx_word' id='word_1_138' title='bbox 1193 1551 1320 1588; x_wconf 83' lang='lat' dir='ltr'>quam-</span> 
     </span>
     <span class='ocr_line' id='line_1_22' title="bbox 140 1604 1318 1652; baseline -0.001 -9"><span class='ocrx_word' id='word_1_139' title='bbox 140 1605 196 1644; x_wconf 83' lang='lat' dir='ltr'>vis</span> <span class='ocrx_word' id='word_1_140' title='bbox 234 1604 484 1641; x_wconf 77' lang='lat' dir='ltr'>Philostratus</span> <span class='ocrx_word' id='word_1_141' title='bbox 525 1608 598 1641; x_wconf 65' lang='lat' dir='ltr'>vit.</span> <span class='ocrx_word' id='word_1_142' title='bbox 629 1605 778 1652; x_wconf 75' lang='lat' dir='ltr'>Apoll.</span> <span class='ocrx_word' id='word_1_143' title='bbox 811 1605 912 1649; x_wconf 71' lang='lat' dir='ltr'>wll,</span> <span class='ocrx_word' id='word_1_144' title='bbox 945 1610 988 1650; x_wconf 81' lang='lat'>7,</span> <span class='ocrx_word' id='word_1_145' title='bbox 1024 1611 1067 1642; x_wconf 88' lang='lat'>11</span> <span class='ocrx_word' id='word_1_146' title='bbox 1111 1605 1318 1651; x_wconf 79' lang='lat' dir='ltr'>confirmet,</span> 
     </span>
     <span class='ocr_line' id='line_1_23' title="bbox 141 1671 1319 1718; baseline 0.001 -8"><span class='ocrx_word' id='word_1_147' title='bbox 141 1686 214 1710; x_wconf 91' lang='lat' dir='ltr'>non</span> <span class='ocrx_word' id='word_1_148' title='bbox 244 1671 353 1709; x_wconf 76' lang='lat' dir='ltr'>facile</span> <span class='ocrx_word' id='word_1_149' title='bbox 383 1671 585 1710; x_wconf 83' lang='lat' dir='ltr'>venalicios</span> <span class='ocrx_word' id='word_1_150' title='bbox 625 1685 692 1709; x_wconf 84' lang='lat' dir='ltr'>nce</span> <span class='ocrx_word' id='word_1_151' title='bbox 721 1672 881 1709; x_wconf 78' lang='lat' dir='ltr'>caeteris</span> <span class='ocrx_word' id='word_1_152' title='bbox 912 1672 1087 1718; x_wconf 81' lang='lat' dir='ltr'>Graecis,</span> <span class='ocrx_word' id='word_1_153' title='bbox 1134 1673 1319 1711; x_wconf 75' lang='lat' dir='ltr'>libertatis</span> 
     </span>
     <span class='ocr_line' id='line_1_24' title="bbox 142 1739 1316 1791; baseline 0.001 -14"><span class='ocrx_word' id='word_1_154' title='bbox 142 1740 368 1785; x_wconf 80' lang='lat' dir='ltr'>amantibus,</span> <span class='ocrx_word' id='word_1_155' title='bbox 414 1739 558 1776; x_wconf 85' lang='lat' dir='ltr'>minime</span> <span class='ocrx_word' id='word_1_156' title='bbox 596 1745 717 1776; x_wconf 87' lang='lat' dir='ltr'>tamen</span> <span class='ocrx_word' id='word_1_157' title='bbox 756 1739 962 1776; x_wconf 78' lang='lat' dir='ltr'>Arcadibus</span> <span class='ocrx_word' id='word_1_158' title='bbox 1007 1740 1316 1791; x_wconf 76' lang='lat' dir='ltr'>appropinquare.</span> 
     </span>
     <span class='ocr_line' id='line_1_25' title="bbox 142 1806 1318 1858; baseline 0.001 -13"><span class='ocrx_word' id='word_1_159' title='bbox 142 1807 350 1845; x_wconf 83' lang='lat' dir='ltr'>Mummium</span> <span class='ocrx_word' id='word_1_160' title='bbox 395 1821 559 1858; x_wconf 82' lang='lat' dir='ltr'>quoque,</span> <span class='ocrx_word' id='word_1_161' title='bbox 606 1806 781 1844; x_wconf 75' lang='lat' dir='ltr'>credibile</span> <span class='ocrx_word' id='word_1_162' title='bbox 820 1814 897 1852; x_wconf 79' lang='lat' dir='ltr'>est,</span> <span class='ocrx_word' id='word_1_163' title='bbox 948 1813 1140 1858; x_wconf 75' lang='lat' dir='ltr'>postquam</span> <span class='ocrx_word' id='word_1_164' title='bbox 1185 1808 1318 1846; x_wconf 84' lang='lat' dir='ltr'>foedus</span> 
     </span>
     <span class='ocr_line' id='line_1_26' title="bbox 142 1874 1318 1926; baseline 0.002 -13"><span class='ocrx_word' id='word_1_165' title='bbox 142 1875 359 1920; x_wconf 77' lang='lat' dir='ltr'>Achaicum,</span> <span class='ocrx_word' id='word_1_166' title='bbox 390 1876 496 1926; x_wconf 86' lang='lat' dir='ltr'>cnjus</span> <span class='ocrx_word' id='word_1_167' title='bbox 527 1875 690 1913; x_wconf 70' lang='lat' dir='ltr'>Arcades</span> <span class='ocrx_word' id='word_1_168' title='bbox 721 1874 979 1912; x_wconf 80' lang='lat' dir='ltr'>studiosissimi</span> <span class='ocrx_word' id='word_1_169' title='bbox 1011 1874 1179 1921; x_wconf 82' lang='lat' dir='ltr'>fucrant,</span> <span class='ocrx_word' id='word_1_170' title='bbox 1219 1877 1318 1915; x_wconf 87' lang='lat' dir='ltr'>dele-</span> 
     </span>
     <span class='ocr_line' id='line_1_27' title="bbox 142 1942 1314 1994; baseline 0 -12"><span class='ocrx_word' id='word_1_171' title='bbox 142 1948 266 1989; x_wconf 82' lang='lat' dir='ltr'>verat,</span> <span class='ocrx_word' id='word_1_172' title='bbox 298 1948 446 1994; x_wconf 78' lang='lat' dir='ltr'>praeter</span> <span class='ocrx_word' id='word_1_173' title='bbox 475 1942 641 1980; x_wconf 80' lang='lat' dir='ltr'>infelices</span> <span class='ocrx_word' id='word_1_174' title='bbox 666 1943 900 1988; x_wconf 67' lang='lat' dir='ltr'>Corinthius,</span> <span class='ocrx_word' id='word_1_175' title='bbox 931 1943 1113 1980; x_wconf 76' lang='lat' dir='ltr'>Arcadum</span> <span class='ocrx_word' id='word_1_176' title='bbox 1145 1944 1314 1982; x_wconf 86' lang='lat' dir='ltr'>idoneum</span> 
     </span>
     <span class='ocr_line' id='line_1_28' title="bbox 143 2011 1316 2062; baseline 0.001 -14"><span class='ocrx_word' id='word_1_177' title='bbox 143 2024 331 2048; x_wconf 86' lang='lat' dir='ltr'>numerum</span> <span class='ocrx_word' id='word_1_178' title='bbox 363 2011 397 2047; x_wconf 92' lang='lat' dir='ltr'>in</span> <span class='ocrx_word' id='word_1_179' title='bbox 429 2011 642 2049; x_wconf 80' lang='lat' dir='ltr'>servitutem</span> <span class='ocrx_word' id='word_1_180' title='bbox 673 2011 904 2055; x_wconf 76' lang='lat' dir='ltr'>vendidisse;</span> <span class='ocrx_word' id='word_1_181' title='bbox 947 2024 1054 2061; x_wconf 91' lang='lat' dir='ltr'>quum</span> <span class='ocrx_word' id='word_1_182' title='bbox 1086 2012 1198 2049; x_wconf 86' lang='lat' dir='ltr'>multo</span> <span class='ocrx_word' id='word_1_183' title='bbox 1230 2020 1316 2062; x_wconf 81' lang='lat' dir='ltr'>post</span> 
     </span>
     <span class='ocr_line' id='line_1_29' title="bbox 145 2079 1316 2128; baseline -0.001 -12"><span class='ocrx_word' id='word_1_184' title='bbox 145 2079 281 2117; x_wconf 85' lang='lat' dir='ltr'>Strabo</span> <span class='ocrx_word' id='word_1_185' title='bbox 319 2079 486 2123; x_wconf 82' lang='lat' dir='ltr'>brevem,</span> <span class='ocrx_word' id='word_1_186' title='bbox 537 2091 642 2128; x_wconf 87' lang='lat' dir='ltr'>quam</span> <span class='ocrx_word' id='word_1_187' title='bbox 683 2079 727 2116; x_wconf 79' lang='lat' dir='ltr'>do</span> <span class='ocrx_word' id='word_1_188' title='bbox 758 2079 919 2116; x_wconf 79' lang='lat' dir='ltr'>Arcadia</span> <span class='ocrx_word' id='word_1_189' title='bbox 953 2079 1082 2123; x_wconf 79' lang='lat' dir='ltr'>babet,</span> <span class='ocrx_word' id='word_1_190' title='bbox 1133 2079 1316 2115; x_wconf 86' lang='lat' dir='ltr'>narratio-</span> 
     </span>
     <span class='ocr_line' id='line_1_30' title="bbox 146 2145 1315 2192; baseline -0.001 -7"><span class='ocrx_word' id='word_1_191' title='bbox 146 2161 227 2185; x_wconf 89' lang='lat' dir='ltr'>nem</span> <span class='ocrx_word' id='word_1_192' title='bbox 257 2146 436 2184; x_wconf 86' lang='lat' dir='ltr'>communi</span> <span class='ocrx_word' id='word_1_193' title='bbox 466 2146 564 2184; x_wconf 87' lang='lat' dir='ltr'>illius</span> <span class='ocrx_word' id='word_1_194' title='bbox 594 2152 717 2184; x_wconf 88' lang='lat' dir='ltr'>terrae</span> <span class='ocrx_word' id='word_1_195' title='bbox 750 2146 970 2192; x_wconf 85' lang='lat' dir='ltr'>solitudine,</span> <span class='ocrx_word' id='word_1_196' title='bbox 1000 2145 1186 2183; x_wconf 88' lang='lat' dir='ltr'>continuis</span> <span class='ocrx_word' id='word_1_197' title='bbox 1209 2146 1315 2184; x_wconf 84' lang='lat' dir='ltr'>bellis</span> 
     </span>
     <span class='ocr_line' id='line_1_31' title="bbox 144 2215 467 2261; baseline 0 -8"><span class='ocrx_word' id='word_1_198' title='bbox 144 2215 262 2261; x_wconf 82' lang='lat' dir='ltr'>sacta,</span> <span class='ocrx_word' id='word_1_199' title='bbox 300 2219 467 2253; x_wconf 81' lang='lat' dir='ltr'>excuset.</span> 
     </span>
    </p>

    <p class='ocr_par' dir='ltr' id='par_1_4' title="bbox 255 2279 1316 2332">
     <span class='ocr_line' id='line_1_32' title="bbox 255 2279 1316 2332; baseline -0.004 -9"><span class='ocrx_word' id='word_1_200' title='bbox 255 2287 282 2323; x_wconf 88' lang='grc'><strong>6</strong></span> <span class='ocrx_word' id='word_1_201' title='bbox 300 2305 354 2311; x_wconf 96' lang='grc'>-</span> <span class='ocrx_word' id='word_1_202' title='bbox 376 2288 438 2322; x_wconf 81' lang='grc'>13.</span> <span class='ocrx_word' id='word_1_203' title='bbox 495 2281 719 2327; x_wconf 83' lang='lat' dir='ltr'>Meliboeus,</span> <span class='ocrx_word' id='word_1_204' title='bbox 755 2281 815 2332; x_wconf 88' lang='lat' dir='ltr'>qui</span> <span class='ocrx_word' id='word_1_205' title='bbox 844 2280 971 2318; x_wconf 84' lang='lat' dir='ltr'>iisdem</span> <span class='ocrx_word' id='word_1_206' title='bbox 1003 2279 1038 2317; x_wconf 92' lang='lat' dir='ltr'>in</span> <span class='ocrx_word' id='word_1_207' title='bbox 1070 2280 1187 2331; x_wconf 79' lang='lat' dir='ltr'>pratis</span> <span class='ocrx_word' id='word_1_208' title='bbox 1216 2294 1316 2320; x_wconf 86' lang='lat' dir='ltr'>com-</span> 
     </span>
    </p>
   </div>
  </div>
 </body>
</html>
