1515 2620
468 135 674 175 ECLOGA
705 135 801 183 vul,
832 139 1012 175 80—83.
1214 139 1306 179 145

119 245 247 299 Legg.
284 245 343 284 XI
380 260 415 301 p.
453 250 548 286 683.
586 246 629 283 F.
660 246 860 283 Ruhnken.
893 245 940 283 ad
969 244 1072 282 Tim.
1101 244 1125 282 Ι.
1155 257 1192 295 p.
1225 248 1305 282 114

118 325 151 350 s.
181 326 216 351 v.
247 310 465 364 ἕηαγωγαί.
524 312 706 361 synesius
737 324 801 359 ep.
838 317 912 350 121
946 311 1086 357 scribit,
1117 324 1158 349 se
1178 311 1306 348 incan-

119 382 286 417 tamenta
327 384 366 417 et
402 379 659 417 devinctiones
697 383 735 414 et
773 378 872 416 vires
911 380 1113 416 amatorias
1144 378 1306 424 novisse,

120 446 253 495 quibus
294 446 453 483 Galatea
489 457 537 482 ne
574 445 760 494 paululum
792 444 937 494 quidem
968 445 1089 495 possit
1118 445 1308 483 resistere.

119 512 176 549 Ab
213 511 362 563 Apuleji
399 512 507 549 Met.
549 512 601 548 ΙΙΙ
633 525 667 561 p.
701 516 781 550 137
811 525 924 563 maga
953 512 1143 549 Thessala
1171 512 1308 558 crines,

121 579 196 629 qui,
227 579 326 629 quod
357 578 481 628 puella
511 577 763 623 simulaverat,
795 583 918 615 amato
950 578 1114 628 surrepti
1144 577 1307 625 fuerant,

120 645 360 697 trajiciuntur
397 649 436 682 et
471 644 676 691 nodantur,
728 649 766 682 et
795 657 876 681 cum
906 644 1031 681 multis
1061 644 1240 680 odoribus
1270 644 1308 680 in

120 712 367 751 candentibus
408 711 632 748 carbonibus
668 715 920 762 reponuntur,
966 714 1008 747 ut
1045 709 1155 747 nidor
1190 710 1309 760 ipsum

121 780 301 818 adducat:
333 791 406 829 quo
436 777 559 824 facto,
589 778 635 815 ad
667 777 770 815 fores
800 790 892 815 sane
921 777 1083 822 miranti,
1115 776 1215 813 tonsi
1245 789 1308 814 cu-

120 846 170 884 lei
197 846 340 896 caprini
369 845 567 882 assultant.
627 845 727 883 Tale
743 845 927 883 vinculum
943 843 1140 895 magicum,
1172 843 1309 880 circum

121 911 287 964 effigiem
316 911 428 948 amati
457 910 638 961 ligatum,
670 912 768 960 apud
798 911 1035 961 Propertium
1065 923 1212 961 quoque
1244 911 1308 956 ΙΙΙ,

122 983 168 1025 6,
200 983 254 1018 30
281 977 565 1029 intelligendum
594 976 682 1013 erit:

323 1047 516 1090 Cinctaque
539 1046 675 1080 funesto
699 1048 798 1080 lanea
822 1046 906 1080 vitta
930 1046 1015 1079 viro.

130 1111 266 1152 Verba
296 1111 343 1148 ad
373 1110 410 1147 id
442 1110 599 1148 dicenda
629 1109 926 1160 pharmaceutria
952 1109 1153 1147 Theocriti
1182 1114 1221 1147 et
1249 1122 1311 1147 su-

120 1191 189 1230 pra
217 1178 402 1229 poposcit,
432 1181 470 1214 et
500 1191 534 1215 v.
567 1181 639 1216 62:

257 1246 411 1290 inspuito
435 1247 570 1280 dicens:
596 1247 694 1279 Haec
716 1246 895 1289 Deipliidis
920 1257 998 1278 ossa
1023 1257 1190 1289 perungo.

121 1312 262 1361 Nempe
299 1305 466 1359 μάσσω,
513 1323 560 1346 ex
600 1310 810 1347 Ahiwardti
847 1310 1008 1361 egregia
1038 1309 1311 1347 emendatione.

131 1378 322 1423 Veneris,
357 1378 440 1422 clio,
471 1379 651 1414 viae-vla
681 1384 815 1420 necto,
846 1394 1310 1421 υυ----υυ---,

122 1457 298 1482 numerus
339 1444 529 1482 veteribus
569 1443 830 1480 Grammaticis
868 1442 1024 1478 consilio
1055 1441 1196 1478 electus
1228 1454 1312 1478 esse

121 1511 338 1555 videbatur,
385 1509 558 1559 quoniam
607 1509 774 1546 trimeter
817 1508 1091 1558 Anapaesticus
1138 1507 1313 1557 Cupidini

84 1597 86 1599 v
124 1581 368 1616 consecratus
399 1576 460 1613 sit.
520 1576 590 1620 At,
628 1576 753 1612 ablato
785 1577 875 1621 dic,
908 1576 1023 1624 longe
1054 1575 1164 1610 alium
1197 1587 1312 1610 cnun-

124 1645 218 1682 tiata
260 1655 408 1682 versum
445 1642 704 1692 suppeditant,
752 1642 896 1678 duobus
934 1640 1072 1677 Ionicis
1109 1654 1131 1678 a
1170 1640 1313 1678 minore

122 1728 523 1750 υυ--υἱΙ--ι

238 1782 416 1816 80—83.
477 1775 695 1812 innodatam
729 1773 933 1823 {Daphnidis
963 1773 1126 1824 effigiem
1157 1785 1246 1810 arae
1278 1773 1316 1809 in

124 1842 278 1881 flammis
309 1843 431 1892 puella
461 1841 627 1878 venefica
658 1841 805 1890 reponit
836 1845 1045 1889 uti-aliique,
1078 1839 1209 1876 molam
1240 1840 1314 1876 sal-

124 1923 204 1948 sam
243 1909 380 1946 sociam
414 1907 552 1958 juhens
590 1907 830 1957 inspergere,
883 1914 921 1943 et
958 1907 1087 1943 laurea
1123 1911 1313 1943 sai-menta

124 1989 206 2014 cum
243 1974 422 2012 bitumine
461 1986 584 2012 urere.
616 1995 670 2000 ——
703 1975 795 2023 igne
826 1973 1131 2023 quemadmodum
1162 1972 1312 2023 effigies

124 2042 320 2079 induratur
364 2042 639 2090 argillacea,
696 2052 825 2077 cerea
873 2040 1037 2089 liquefit:
1084 2052 1157 2074 non
1202 2052 1311 2075 secus

125 2109 206 2158 ejus
243 2120 369 2146 autore
409 2106 613 2156 Daphnidis
651 2106 793 2142 animus
832 2106 866 2142 in
898 2105 992 2142 alias
1023 2102 1185 2154 (acunila
1215 2105 1310 2142 enim

126 2186 207 2212 eum
225 2177 432 2225 averterat)
465 2173 717 2218 indui-escere,
749 2186 822 2208 non
853 2185 961 2208 sevus
991 2171 1193 2221 eupiditate
1224 2170 1311 2221 ipsi-

128 2254 170 2278 us
209 2239 382 2278 diffluere
416 2239 580 2290 jubetur.
653 2239 760 2288 Apud
783 2238 1029 2276 Theocritum
1060 2251 1093 2276 v.
1124 2242 1175 2276 28
1203 2239 1310 2287 phar-
