1472 2620
450 133 651 171 ECLOGA
679 133 740 178 vl,
778 137 970 173 67—71.
1238 139 1300 179 45

132 245 268 282 tudinis
317 245 547 295 depositione
592 246 788 295 depressae
832 246 973 296 pondus
1009 244 1136 290 Flac,
1189 245 1298 282 etiam

130 313 420 350 commendatur.
479 313 667 349 Johanues
698 313 863 348 Tzetzes
889 312 1116 362 Byzantinus
1147 312 1298 362 primum

132 393 198 430 per
237 394 307 417 non
349 384 555 432 angustos,
601 379 666 416 sed
703 379 892 430 elegantia
931 385 967 416 et
1005 379 1192 430 gravitate
1229 379 1299 417 cir-

132 448 376 498 cumscriptos
416 446 549 484 limites
587 446 754 483 Graecae
792 446 947 495 rhythmi
978 446 1196 498 agitationis
1228 451 1299 483 tam

132 528 243 552 saeve
282 515 400 565 rupit,
438 519 479 551 ut
518 526 636 551 novae
674 518 756 562 post
787 526 865 549 enm
898 512 1037 551 formae
1068 521 1130 550 aut
1161 513 1301 551 difficili

132 581 288 633 negotio
333 588 396 618 aut
426 582 531 632 plane
564 594 635 617 non
667 580 822 617 inveniri
855 580 1008 629 possint.
1070 581 1207 618 Nostra
1237 594 1301 618 au-

134 652 203 685 tem
235 649 359 700 gloria
390 662 434 685 ne
465 649 531 693 sit,
563 647 728 686 versibus
759 647 804 684 ad
837 647 1082 696 Byzantinum
1114 649 1302 698 exemplar

134 715 330 752 Germanis
361 722 490 752 contra
520 715 713 752 Homerum
745 727 980 764 concurrere,
1012 715 1077 751 sed
1108 715 1153 752 ad
1185 716 1300 752 Grae-

133 796 213 820 cum
243 783 431 834 exemplar
455 782 648 821 Germanis
678 795 757 819 cum
788 795 832 818 eo
863 782 1100 819 contendere.

156 841 160 844 .
245 855 435 888 67—71.
496 851 535 887 ln
573 850 751 887 Helicone
790 854 930 893 monte,
971 849 1166 900 Aganippe
1196 848 1300 886 fonte

132 916 178 954 ad
227 917 368 954 laevam
412 917 560 961 relicto,
612 916 818 953 Pausanias
867 917 912 953 ad
949 917 1136 953 Musarum
1175 930 1300 954 nemus

132 988 234 1021 recta
264 983 512 1029 adscendens,
554 983 704 1034 primum
735 983 931 1035 imaginem
963 985 1188 1034 Euphemes,
1220 984 1301 1021 Mu-

133 1064 253 1088 sarum
294 1051 470 1097 nutricis,
516 1056 552 1088 et
581 1056 712 1101 postea
742 1050 902 1088 Litmm
932 1051 967 1087 in
1000 1065 1113 1101 parva
1142 1065 1232 1102 rupe
1262 1051 1299 1088 iu

132 1123 277 1155 antrum
315 1118 442 1155 excisa
479 1118 638 1163 invenit,
675 1118 733 1155 cui
771 1118 967 1168 quotannis
997 1123 1082 1155 aute
1113 1119 1299 1156 Musarum

132 1184 352 1223 sacrificium
396 1184 551 1223 inferiae
593 1184 818 1222 ferebantur.
894 1186 967 1222 lste
1006 1186 1141 1231 Linus,
1193 1199 1299 1236 quem

133 1253 306 1290 Thebani
337 1267 359 1290 a
390 1254 614 1302 posteriore,
658 1252 814 1289 lsmenio
845 1253 1108 1303 cognominato
1141 1255 1201 1299 lv,
1233 1258 1297 1299 56,

132 1320 314 1370 Apollinis
355 1318 451 1364 filio,
496 1320 687 1357 Herculem
728 1319 961 1365 instituente,
1007 1321 1298 1372 distinguebant,

132 1388 178 1425 ab
228 1387 363 1424 Urania
407 1387 514 1423 Musa
558 1392 595 1424 et
632 1387 676 1423 ah
714 1386 965 1436 Amphimaro,
1012 1388 1170 1437 Neptuni
1207 1387 1297 1433 filio,

133 1453 314 1506 originem
354 1453 479 1499 duxit3
517 1467 642 1491 omnes
680 1454 842 1490 homiues
873 1459 910 1491 et
939 1454 1100 1505 ejusdem
1131 1459 1169 1491 et
1200 1455 1298 1505 prio-

131 1534 209 1558 rum
240 1520 413 1558 aetatium
444 1527 574 1558 cantus
604 1521 725 1573 gloria
755 1521 954 1571 superavit,
986 1527 1023 1558 et
1045 1522 1089 1558 ab
1113 1522 1295 1572 Apolline,

133 1601 287 1640 quocum
317 1602 358 1625 se
386 1594 673 1639 comparaverat,
706 1588 921 1625 interfectus
952 1593 1018 1625 est.
1053 1590 1141 1639 Ejus
1164 1603 1294 1627 memo-

133 1656 222 1693 riam
254 1660 426 1693 cantores
458 1656 631 1707 peculiari
663 1661 848 1706 poemate,
890 1656 1003 1693 Lino
1034 1656 1111 1694 sive
1142 1656 1294 1695 Alliao

134 1724 251 1769 dicto,
296 1724 482 1769 colebant,
522 1724 636 1774 quod,
680 1724 977 1773 quemadmodum
1010 1723 1222 1760 Eustathius
1255 1725 1293 1761 ll.

135 1791 273 1836 XVill,
306 1795 397 1829 570.
429 1805 475 1828 ex
506 1791 678 1840 Euripide
708 1790 834 1834 refert,
865 1790 959 1827 inter
988 1791 1122 1827 luctum
1153 1797 1190 1828 et
1219 1792 1293 1829 lae-

135 1857 250 1894 titiam
294 1858 493 1903 canebant,
539 1871 561 1894 a
605 1856 852 1902 confidentia,
899 1863 938 1894 ut
980 1857 1143 1904 videtur,
1184 1859 1292 1898 nimia

132 1929 249 1962 semet
279 1924 516 1961 dehortaturi.
575 1924 699 1965 Quare
730 1924 933 1961 Hesiodus:

224 2012 412 2055 Uraniequc
440 2011 556 2044 Linum
582 2022 690 2044 curam
717 2012 845 2055 peperit
868 2011 930 2044 sibi
956 2014 1104 2055 prolem,

222 2069 350 2109 Quem,
385 2072 547 2111 quotquot
572 2072 738 2110 praestant
764 2068 913 2101 homines
938 2073 1034 2101 cantu
1061 2069 1264 2114 citharaque,

223 2124 349 2156 Omnes
374 2122 473 2166 inque
497 2124 604 2156 choris
629 2125 758 2166 plorant
782 2125 878 2157 lautis
903 2125 1088 2167 epulisque,

220 2179 458 2223 Principioque
482 2179 602 2212 Linum
627 2181 788 2222 clamant,
814 2182 958 2213 clamant
981 2182 1154 2215 abeuntes.

134 2260 341 2298 Secundum
371 2259 531 2305 fabulas,
576 2273 668 2310 quae
697 2260 899 2311 perierunt,
932 2261 1067 2307 Linus,
1099 2276 1215 2314 aeque
1244 2279 1288 2304 ac
