1472 2620
454 152 653 190 ECLOGA
684 151 742 188 vl.
781 154 968 190 45—46.
1231 158 1286 195 51

225 263 296 296 Ter
318 263 486 296 clamavit:
511 261 617 304 Hyla!
641 271 740 304 quam
765 266 878 302 guttur
901 266 1007 294 ructat
1030 266 1199 304 apertum,

224 319 295 352 Ter
318 329 401 362 puer
423 318 590 351 audierat:
625 316 733 349 tenuis
759 328 822 349 vox
848 317 928 350 exiit
953 317 1048 350 undis

225 374 291 408 Sed
316 379 443 408 tamen:
469 378 520 415 et,
545 383 703 416 praesens
729 373 840 414 etiam,
867 375 981 416 procul
1006 385 1079 407 esse
1102 373 1245 406 videtur.

137 454 255 492 Etiam
285 455 351 492 sub
383 453 664 506 imperatoribus
697 452 836 504 (strab.
868 454 951 490 Xll.
977 469 1008 504 p.
1032 453 1141 505 564.)
1175 466 1288 504 puero

137 522 233 560 inter
269 522 369 558 Deos
406 522 520 560 relato
551 534 572 558 a
601 521 847 558 Prusensibus
879 522 955 557 dies
986 521 1101 557 festos
1132 521 1294 558 celebra·

139 588 264 634 batur,
295 601 401 638 quum
434 590 650 627 bacchantes
682 589 716 624 in
749 588 929 623 montibus
962 588 1052 636 Hyla
1082 589 1292 625 clamarent.

136 655 194 692 Ad
223 654 373 701 fontem,
403 656 610 693 Antoninus
636 655 816 692 Liberalis
847 654 976 704 inquit,
1007 654 1039 691 ei
1064 653 1294 700 sacrilicant3

138 728 223 773 post
257 724 351 773 quod
390 730 447 760 ter
484 737 563 760 eum
601 722 773 760 sacerdos
814 722 958 759 nomine
996 727 1123 765 vocat,
1169 728 1295 771 terque

137 789 262 842 imago
293 791 374 828 voci
404 797 567 828 resonat.
626 790 730 826 Alter
759 803 886 827 versus
917 795 1173 840 argumentum
1203 801 1295 825 sono

138 869 206 893 suo
236 870 338 894 suum
368 858 547 903 imitatur,
599 859 742 895 Graeca
769 857 911 894 ratione
943 856 1145 901 dimensus3
1190 869 1295 905 quum

139 928 304 961 extrema
332 924 468 962 vocalis
499 937 526 960 a
557 937 627 960 non
661 924 826 973 proxima
855 924 971 960 vocali
1002 924 1200 973 liquescat,
1231 924 1296 961 sed

140 990 382 1040 corripiatur,
413 996 665 1041 praeterquam
696 990 731 1026 in
763 990 858 1033 arsi,
889 1004 993 1039 quae,
1025 991 1187 1040 quamvis
1218 990 1298 1028 bre-

140 1057 219 1103 via,
249 1057 434 1108 producit:
477 1058 614 1110 llyla‘,
646 1059 764 1110 [lisa
796 1071 913 1095 omne
944 1065 1130 1095 sonaret.

251 1140 302 1174 45
321 1140 456 1174 —46.
525 1136 632 1174 Canit
687 1149 849 1186 quoque,
900 1135 1026 1173 infelix
1077 1135 1304 1186 Pasiphae?

141 1203 322 1252 quomodo
353 1203 449 1241 nivei
479 1204 574 1240 tauri
604 1217 728 1241 amore
759 1204 925 1240 solatium
950 1205 1144 1254 acceperit.
1204 1205 1297 1241 l'oe'-

141 1269 236 1314 tice,
277 1270 419 1306 solatur
448 1284 546 1315 eam,
577 1271 873 1320 quemadmodum
904 1285 936 1308 v.
969 1276 1032 1309 62.
1063 1272 1200 1308 cortice
1229 1272 1298 1309 cir-

143 1336 300 1373 cumdat.
370 1336 570 1387 Pasiphae,
613 1351 633 1374 a
674 1338 761 1374 Sole
791 1334 979 1389 s'Hng)
1012 1344 1048 1375 et
1078 1340 1191 1375 Perse
1222 1341 1298 1378 sive

142 1402 319 1440 Perseide
349 1409 453 1453 partu
483 1404 598 1448 edita,
635 1417 742 1441 soror
771 1405 931 1442 Colclnici
964 1405 1064 1456 regis
1094 1406 1232 1443 Aeetae
1263 1412 1300 1444 et

144 1469 290 1515 Circes3
321 1470 415 1520 quod
445 1470 640 1508 verisimile
669 1476 736 1516 est,
768 1471 842 1508 lilia
871 1472 1025 1523 alicujus
1047 1472 1221 1524 principis
1251 1487 1298 1511 ex

145 1536 320 1574 interiore
343 1537 442 1583 Asia,
472 1551 564 1588 quae
594 1538 653 1576 vix
677 1539 722 1576 ad
748 1538 912 1575 Persium
944 1553 1057 1589 usque
1088 1546 1176 1577 nota
1206 1545 1298 1586 erat,

144 1604 268 1655 nupsit
303 1604 450 1642 Cretico
490 1605 570 1657 regi
606 1606 742 1652 Minoi,
780 1606 884 1644 ‚lovis
916 1620 961 1642 ex
994 1608 1196 1644 Phoenissa
1227 1609 1300 1644 Eu-

144 1684 235 1722 ropa
263 1670 338 1709 filio
368 1677 406 1709 et
435 1684 506 1710 avo
538 1673 732 1717 idomenei,
763 1674 949 1710 bellatoris
980 1674 1172 1711 Homerici.
1231 1676 1297 1712 Mi-

144 1751 233 1784 ¹108,
265 1739 353 1776 inuri
384 1740 674 1790 potentissimus,
706 1741 872 1790 quoniam
905 1748 1045 1777 taurum
1077 1755 1098 1778 a
1130 1742 1297 1793 Neptuno

147 1811 327 1851 creatum,
359 1813 507 1857 propter
537 1808 702 1844 eximiam
734 1807 904 1852 foranum,
937 1822 1006 1845 non
1038 1808 1297 1856 immolaverat,

146 1872 229 1917 sed,
272 1877 312 1908 ut
351 1886 503 1924 gregem
544 1874 753 1910 nobiliorem
795 1876 982 1919 redderet,
1026 1876 1298 1925 destinaverat3

149 1939 339 1989 Neptunus
369 1939 483 1976 iratus
514 1945 653 1976 taurum
684 1940 718 1977 in
750 1940 907 1978 furorem
940 1943 1096 1993 impulit,
1128 1950 1164 1981 et
1194 1946 1297 1982 Pasi-

149 2006 260 2057 phaes
298 2011 369 2042 tam
407 2019 525 2044 acrem
557 2007 590 2044 io
622 2020 701 2044 euin
731 2010 928 2047 concitavit
958 2023 1134 2057 anun-em,
1166 2013 1295 2062 qualis,

149 2086 220 2124 quo
258 2072 405 2123 Europa
434 2074 516 2110 olim
548 2083 709 2124 permota
736 2076 874 2117 fuerat,
914 2083 952 2113 ut
978 2092 1022 2114 ex
1056 2078 1123 2114 deo
1155 2084 1295 2116 taurum

151 2152 215 2191 per
256 2153 355 2177 mare
391 2147 616 2190 sequeretur.
675 2143 743 2179 Alii
781 2144 922 2188 dicunt,
963 2144 1073 2194 ipsam
1107 2146 1293 2189 Venerem,

151 2212 192 2244 ut
237 2207 358 2244 Solem
401 2208 621 2258 proditorem
660 2210 911 2251 ulcisceretur.
957 2212 1049 2248 lilios
1086 2214 1163 2263 ojus
1201 2215 1294 2266 turpi

151 2286 276 2311 amore
313 2274 524 2313 irretivisse.
591 2276 740 2314 Daedali
777 2279 922 2315 solertis
959 2280 993 2316 in
1033 2294 1142 2318 vacca
1172 2283 1294 2334 lignea
