1472 2620
461 126 667 165 ECLOGA
699 126 762 164 vn
773 154 783 173 ,
815 129 994 166 45—48.
1269 135 1327 174 8⁷

136 237 360 274 adhibentur
398 238 470 277 121³.
511 238 563 285 ll,
614 243 706 276 413.
768 237 954 290 Algam,
1004 238 1154 276 herbam
1185 240 1323 276 mariti-

135 317 250 350 mam,
289 305 499 355 plantarum
537 305 696 342 studiosi
728 318 774 343 ne
805 304 963 343 definire
993 305 1139 357 quidem
1170 306 1321 344 audent.

133 370 250 409 Plura
295 385 439 423 genera
485 371 745 422 complectitur
793 371 884 409 folio
929 373 1045 423 longo
1095 378 1134 410 et
1175 373 1320 418 latiore,

133 451 290 489 quorum
321 439 522 489 quaedam,
567 438 665 489 quod
697 438 904 476 Columella
937 440 1043 485 vm,
1086 446 1157 486 17,
1211 446 1235 480 6
1267 440 1320 478 di-

132 506 203 551 cit,
251 511 376 556 petras
418 506 604 552 vestiunt3
651 511 733 543 erat
764 507 873 544 etiam
906 507 1007 544 circa
1039 510 1188 545 fretam
1220 508 1319 545 insu-

131 573 225 619 lam,
273 586 369 623 quae
406 573 554 611 rubrum
597 572 776 624 tingeret.
835 574 867 611 A
908 574 1057 610 turbato
1097 575 1188 612 mari
1213 587 1319 622 pro-

119 640 248 687 jecta
285 641 331 678 ad
370 640 562 679 involucra
601 645 743 676 tantum
777 644 815 677 et
844 640 890 677 ad
923 641 1206 677 stercorandum
1240 646 1318 678 ute-

131 706 280 744 bantur.
342 706 401 745 Cf.
440 708 536 745 Plio.
576 707 686 754 ΧΙΙΙ,
734 712 803 745 48.
841 707 1007 752 xxm,
1057 711 1121 745 25.
1155 707 1318 753 xxxu,

134 779 199 814 22.
261 775 376 813 Dies
421 789 582 813 aun-um
628 776 817 820 dravus,
870 774 1104 824 proverbium
1147 787 1317 827 exagge-

130 854 232 886 rans,
264 842 373 891 quale
404 842 502 879 istud
534 842 632 892 apud
663 840 909 879 Theocritum
943 841 1034 886 xil,
1069 847 1112 880 2:

264 931 307 935 ——
358 931 395 935 —
447 931 488 935 —
538 912 603 946 Qui
631 911 724 954 cupit
750 912 834 953 ipsc,
862 912 916 943 ‹lie—
942 912 1135 945 veterascit.

244 978 296 1014 45
319 999 360 1003 --—
378 979 446 1014 48.
507 974 683 1024 Corydon
715 987 866 1012 vernum
899 981 1158 1026 argumentum
1191 976 1318 1025 depin-

129 1042 189 1095 git
225 1042 271 1080 ad
309 1041 451 1079 fontem
492 1055 673 1092 opacum,
718 1041 780 1079 ubi
816 1042 918 1078 horis
950 1042 1163 1079 meridianis
1196 1041 1317 1094 frigus

131 1115 263 1160 pastor
313 1115 398 1160 post
460 1109 648 1160 Vergilias
693 1114 849 1146 exortas
899 1115 1037 1159 captat.
1088 1132 1137 1137 --
1186 1109 1317 1145 Omnia

130 1176 302 1227 pulchra,
348 1175 550 1227 spirantia,
594 1176 781 1228 gradatim
821 1176 1075 1213 ascendentia.
1135 1176 1312 1222 Fontes,

129 1256 203 1293 quo
235 1244 360 1294 plures
391 1242 516 1280 fontes
547 1244 711 1280 montani
744 1242 953 1288 confluunt,
997 1244 1127 1294 quales
1159 1244 1207 1289 V,
1248 1248 1314 1281 40.

131 1309 180 1356 X,
214 1315 278 1349 42.
344 1311 495 1347 Museo
527 1324 621 1347 saxa
653 1311 813 1347 obducta
845 1309 1005 1362 frigidas
1036 1311 1146 1348 sedes
1178 1310 1313 1347 circum

129 1377 334 1428 praebent,
382 1383 419 1413 et
447 1386 600 1415 tenera
630 1375 766 1415 herba
797 1377 920 1414 mollia
951 1383 1070 1414 strata
1103 1377 1244 1428 pastori
1277 1385 1315 1413 et

129 1444 271 1496 pecori.
332 1444 519 1482 fflollior
549 1458 693 1481 somno
724 1444 980 1494 proverbium:
1014 1457 1086 1494 quo
1111 1457 1200 1481 usus
1217 1444 1314 1494 apud

129 1511 376 1549 Theocritum
412 1512 459 1557 V,
500 1515 554 1550 50
596 1518 726 1562 pastor
757 1511 886 1549 molles
917 1511 1032 1561 pelles
1062 1512 1244 1560 agninam,
1278 1519 1315 1548 et

130 1579 220 1624 XV,
282 1582 360 1617 125
399 1578 627 1616 nundinator
666 1579 835 1616 Milesius
874 1585 911 1615 ct
948 1582 1095 1615 Samius
1129 1592 1314 1629 purpurea

129 1651 258 1698 tapeta
295 1646 422 1683 laudat
459 1651 496 1684 et
535 1646 656 1683 effert.
717 1645 880 1683 Arban·
918 1646 996 1683 sive
1036 1646 1218 1683 unedonis
1251 1646 1314 1691 lll,

129 1719 181 1753 82
221 1713 327 1751 frons
371 1727 433 1752 ea:
462 1715 598 1752 viridi
623 1715 833 1762 pallida,
876 1726 982 1762 quam
1016 1713 1194 1749 Horatius
1225 1726 1314 1762 quo-

127 1794 201 1832 que
238 1782 273 1818 in
311 1781 428 1832 primo
466 1782 628 1818 carmine
668 1782 827 1817 viridis
857 1780 1009 1817 arbuti
1039 1780 1186 1817 nominc
1217 1780 1314 1817 desi·

130 1852 245 1900 gnat,
278 1862 342 1898 per
372 1848 526 1884 hiemem
559 1849 688 1892 durat,
722 1855 843 1884 [arnon
876 1848 910 1884 in
944 1847 1198 1884 cacuminibus
1231 1853 1314 1884 tan-

131 1922 205 1952 tum
244 1915 452 1965 germinum
495 1915 590 1952 l’lin.
621 1916 727 1960 KH,
777 1921 848 1958 33ς
893 1915 1036 1965 reliqua
1067 1915 1222 1961 decidit,
1263 1920 1313 1960 et,

132 1983 280 2020 novella
317 1990 553 2032 erumpente,
599 1983 671 2020 ista
708 1995 866 2032 quoque.
928 1983 1008 2019 Hoc
1052 1983 1087 2019 in
1128 1983 1314 2032 plerisque

130 2050 303 2089 arborum
343 2050 433 2087 folia
465 2063 657 2099 numquam
689 2050 948 2086 dimittentium
981 2050 1080 2086 circa
1112 2050 1205 2086 dicm
1238 2050 1312 2087 sol-

130 2117 304 2156 stitialem
346 2117 442 2154 Plin.
487 2118 592 2161 ΧΠ,
645 2121 696 2154 34
729 2117 808 2154 lieri
841 2118 998 2154 solebat.
1062 2117 1166 2153 Nunc
1198 2116 1314 2168 igitur

129 2185 218 2236 Maji
249 2185 284 2222 in
316 2185 454 2222 mensis
485 2184 665 2235 principio
697 2194 863 2222 tenuem
897 2189 1037 2220 tantum
1070 2184 1182 2221 arbor
1213 2183 1312 2220 fron-

131 2254 211 2291 dem
244 2253 432 2290 hibernam
464 2253 593 2297 lnalwt,
625 2259 662 2289 et
695 2259 843 2303 pastor,
875 2265 980 2302 quom
1013 2251 1116 2288 calor
1144 2251 1314 2289 meridia-
