1515 2620
397 164 604 203 EBLOGA
635 162 733 208 vm,
769 163 1003 201 105—108.
1212 164 1299 205 155

107 292 181 326 vo,
222 276 337 316 tertio
368 290 477 323 casu,
523 290 591 328 pro
618 280 666 314 in
690 279 856 320 riemm5
903 273 1012 325 quale
1041 273 1303 321 compellere

109 344 277 384 hibisco
316 346 372 391 11,
420 351 474 384 30
512 348 549 381 et
587 346 626 380 it
660 344 829 380 clamor
869 343 1007 379 caelo,
1068 341 1178 383 Quod
1207 341 1305 383 anti,

110 412 276 465 quissimi
317 412 401 450 libri
431 411 544 449 MSS.
576 409 781 460 praebent,
829 422 926 453 nec,
974 423 1041 459 pro
1074 411 1206 447 mendo
1236 425 1303 459 ne,

113 481 150 518 id
190 479 418 517 uafnienses
455 490 604 528 quoque
643 489 734 527 prae
765 489 805 513 se
836 475 975 514 ferunt.
1035 478 1133 516 Non
1166 483 1306 527 respi-

110 561 210 586 cere
239 546 439 590 debebant,
471 558 518 582 ne
549 543 712 588 numina,
746 556 843 593 quae
874 556 934 579 res
965 544 1199 594 accipiebant
1223 561 1308 597 pro·

106 615 249 666 jectas,
290 618 440 664 praeter
479 611 709 650 voluntatem
741 610 928 646 horrenda
958 612 1083 660 specie
1116 614 1307 664 conspice-

111 685 197 719 rent
228 680 296 719 0v.
320 682 436 727 fasc.
463 679 506 724 V,
540 683 634 724 439,
666 683 704 715 et
735 681 919 727 spectrum
952 684 1179 724 averterent,
1211 682 1309 729 quod

113 748 159 786 de
193 748 379 798 Eurydice
416 744 555 783 factum
594 750 664 782 est.
733 744 840 789 llis,
894 745 1121 782 exacerbata
1161 747 1307 793 clanmt,

119 814 299 866 perfidum
326 814 556 865 Daphnidem
584 812 762 856 ulciscar,
801 824 906 861 quem
940 825 1059 862 neque
1086 816 1311 852 verecundia

115 884 312 927 deorum,
344 882 406 932 qui
424 880 672 932 jurisjurandi
705 883 821 915 testes
852 885 939 915 sunt
964 894 997 918 v.
1027 884 1089 925 19,
1124 894 1192 919 nec
1210 895 1310 919 car-

113 952 276 988 minum
307 947 476 999 potentia
506 947 605 985 valet
631 946 822 983 reducere.

228 1018 466 1054 105—108.
527 1014 621 1050 Dum
647 1026 758 1064 maga
782 1025 829 1049 ex
857 1026 924 1049 ara
954 1014 1100 1051 cineres
1122 1016 1312 1067 corripere

117 1087 156 1121 et
179 1082 397 1132 Amaryllidi
425 1094 491 1118 eos
516 1081 551 1118 in
579 1094 707 1117 'nanus
732 1080 881 1117 tradere
907 1081 1003 1126 vult3
1035 1095 1134 1127 ecce,
1165 1082 1311 1122 ssanima

118 1154 273 1201 repente
303 1149 458 1186 emicat!
500 1148 712 1185 Secundum
741 1161 847 1184 omen
880 1148 1081 1198 accipitur,
1120 1156 1157 1187 et
1186 1152 1311 1189 statim

117 1229 212 1256 cane
242 1217 408 1254 latrante
439 1214 693 1253 confirmatur.
711 1237 763 1244 -—
781 1216 932 1266 Magam
959 1216 1057 1265 ioqui
1085 1219 1312 1267 perrexisse,

119 1284 322 1322 Ascensius
349 1284 426 1335 jam
459 1283 631 1334 agnovit.
707 1284 849 1319 Contra
878 1283 1162 1333 Amaryllidem,
1204 1300 1311 1337 quam

120 1351 277 1389 Servius
315 1350 361 1387 ob
389 1351 521 1397 ferre
560 1350 653 1388 'nale
692 1350 918 1386 intellectum
950 1352 1135 1400 postulat,
1181 1367 1313 1391 versus

121 1423 268 1469 pugnat
304 1423 402 1464 1083
453 1423 491 1455 et
523 1418 628 1468 cujus
661 1417 711 1454 sit
750 1418 931 1454 Parcite
962 1445 969 1454 .
1004 1446 1012 1454 .
1047 1422 1087 1455 .ss
1148 1421 1313 1459 Secundi

124 1485 258 1523 ominis
293 1498 464 1534 quaeque
498 1491 578 1522 erat
595 1487 785 1534 flanaema
809 1490 894 1534 post
919 1497 1028 1522 sacra
1060 1494 1211 1536 peracta
1237 1489 1314 1525 ala-

125 1552 225 1591 crius
248 1553 425 1590 elucens
457 1552 527 1590 Η».
559 1552 628 1597 lv,
669 1556 770 1596 3853
802 1551 997 1602 imprimis,
1029 1566 1123 1602 quac¹
1145 1568 1191 1591 ex
1217 1559 1313 1603 ipso

123 1623 272 1658 cinere
298 1624 338 1657 et
365 1619 447 1656 sine
473 1621 571 1656 ‘ulla
599 1621 862 1656 necessitate
883 1621 1118 1666 exsurrexit3
1153 1635 1225 1659 non
1251 1624 1315 1660 mi-

124 1701 215 1732 nus,
254 1687 307 1732 si,
353 1686 452 1736 quod
486 1687 522 1723 in
545 1691 672 1724 vetere
703 1690 928 1722 testamento
962 1686 1098 1724 factum
1133 1695 1209 1735 est,
1249 1704 1317 1728 sua

125 1760 261 1806 sponte
278 1767 357 1800 ara,
388 1754 531 1791 artibus
561 1753 728 1790 nimirum
757 1753 853 1803 apud
873 1753 1092 1791 idololatras
1109 1757 1314 1807 papisticis‚

125 1820 269 1873 lignum
300 1834 405 1858 suum
443 1821 638 1865 accendit,
677 1825 741 1856 aut
770 1820 967 1870 splendore
993 1824 1164 1872 apparuit
1189 1825 1315 1876 igneo,

127 1890 230 1927 luter
271 1888 568 1938 conjurationem
601 1887 876 1933 catilinarium,
930 1888 1046 1926 refert
1079 1891 1316 1939 Plutarchus,

129 1955 325 1993 Ciceronis
357 1968 454 1991 uxor
480 1967 588 2004 quum
617 1955 753 1992 vestae
779 1954 1028 2001 sacrificaret,
1069 1971 1183 2003 aram,
1217 1959 1318 2010 ignis

129 2028 323 2075 postquam
357 2023 432 2073 jam
471 2022 688 2059 consedisse
718 2022 932 2068 videbatur,
976 2022 1154 2061 ssainmam
1187 2040 1232 2062 ex
1267 2026 1316 2063 ci-

129 2103 220 2129 nere
257 2095 296 2127 et
331 2089 533 2126 corticibus
563 2090 737 2126 crematis
768 2104 939 2142 magnam
971 2097 1009 2128 et
1040 2093 1195 2129 lucidam
1228 2092 1316 2130 cmi-

130 2158 247 2195 sisse:
279 2157 377 2207 quod
407 2170 514 2194 omen
546 2156 715 2207 virgines
748 2158 918 2195 Vestales
949 2159 994 2195 de
1025 2159 1134 2196 laude
1165 2165 1202 2196 et
1232 2161 1316 2211 glo-

132 2225 189 2262 ria
205 2224 473 2274 interpretatas
490 2237 586 2262 esse.
647 2223 849 2269 Altaria,
875 2225 933 2263 hic
948 2239 1016 2262 sua
1035 2231 1222 2277 potestate
1233 2241 1317 2278 pro-

133 2291 215 2343 pria
244 2291 445 2343 capitulum
475 2304 564 2329 arne
595 2291 803 2342 impositum
838 2293 886 2338 V,
918 2298 984 2338 66,
1016 2294 1061 2331 ad
1094 2295 1192 2344 quod
1225 2295 1317 2332 cinis
