1515 2620
201 147 289 189 158
521 140 727 179 ecLoGA
757 141 857 189 vm,
889 145 1070 182 69—71.

200 259 276 292 tum
313 254 499 291 imitatur:
552 253 651 302 quod
692 251 767 290 alia
804 252 937 304 lingua
974 252 1038 291 vix
1076 256 1226 305 assequi
1254 256 1388 307 possit.

199 320 417 360 Hafniensis
450 318 489 357 C
512 319 624 356 habet
654 320 801 357 ducite
829 322 1042 357 carmina.

313 391 492 426 69—71.
551 386 834 424 lneantamenta
870 387 1072 424 carminum
1109 385 1146 423 in
1177 386 1321 424 coelum
1350 394 1390 426 et

198 456 235 492 in
277 459 437 499 terram,
483 452 520 490 in
558 453 725 490 homines
764 466 837 490 non
879 454 997 490 minus
1034 466 1141 503 quam
1181 453 1218 490 in
1250 454 1391 492 bestias

197 521 369 560 efficacia
406 524 506 558 sunt.
538 542 592 549 —
622 520 799 558 Lunam
837 522 889 558 de
918 522 1041 558 caelo
1073 522 1310 567 deducere,
1349 525 1391 558 ut

198 602 287 626 suas
324 588 424 627 vires
462 587 499 624 in
538 587 673 625 herbas
713 588 927 637 despumet3
973 587 1186 639 sanguineo
1217 601 1299 625 eam
1329 600 1390 625 ru·

196 656 289 694 bore
325 654 561 701 suffundere,
612 659 677 692 aut
714 668 781 705 pro
819 654 973 692 libidine
1012 655 1196 693 inversam
1235 655 1391 693 circum-

197 735 338 776 agere,
386 720 582 759 artificium
614 727 697 758 crat
727 735 919 773 magarum
958 720 1273 760 Thessalarmn
1304 735 1390 772 pro-

199 790 339 841 prium,
386 789 484 838 quod
523 793 656 825 contra
694 787 874 826 nitentem
913 789 1136 826 clamoribus
1173 795 1212 827 et
1241 789 1391 827 aeribus

199 855 394 895 concussis
431 854 651 904 superstitio
690 854 895 893 defendere
933 857 1170 906 opinabatur.
1230 856 1314 894 Jam
1352 855 1390 892 in

197 921 462 973 Aristophanis
492 921 659 958 Nubibus
690 935 724 959 v.
757 926 837 960 749
867 923 1003 972 aliquis
1033 923 1218 973 loquitur:

334 1008 534 1043 Veneticam
559 1019 624 1051 ego
649 1008 730 1041 mihi
755 1010 948 1053 comparem
975 1011 1002 1043 si
1029 1009 1246 1050 Thessalam,

334 1063 467 1098 Lunam
494 1066 536 1098 de
561 1066 657 1097 coelo
683 1063 803 1097 ahicam
831 1071 953 1106 noctu,
981 1065 1062 1098 n'mc
1088 1077 1162 1098 eam

334 1119 452 1154 Cistae'z
477 1121 650 1153 detineam
674 1121 869 1152 c6nelnsam
895 1121 985 1153 intra
1009 1119 1187 1162 circulum,

333 1176 420 1210 Mihi
452 1175 560 1209 Instar
583 1176 713 1219 speculi
738 1177 827 1219 quod
853 1175 916 1217 sit,
949 1176 1065 1220 itaque
1088 1175 1221 1209 servem
1247 1175 1388 1209 habens.

197 1259 309 1297 Plato
345 1270 492 1308 quoque
530 1257 566 1293 in
607 1256 754 1308 Gorgia
785 1257 962 1307 jocatur,
999 1257 1199 1294 Thessalis
1229 1255 1389 1303 feminis,

199 1325 332 1364 famam
365 1338 460 1369 esse,
492 1328 533 1361 ut
564 1325 686 1361 lunam
718 1324 916 1370 deducant,
949 1324 1048 1361 iuter
1078 1323 1390 1362 familiarissimos

197 1398 341 1430 tantum
388 1391 625 1442 contingere.
694 1391 900 1429 incredulis
945 1405 1069 1429 coram
1116 1392 1204 1428 luna
1243 1391 1391 1429 videtur

199 1459 390 1496 obstinata
421 1457 549 1494 faisse.
609 1458 755 1494 Plinius
786 1458 921 1503 XXX,
956 1464 977 1497 2
1011 1459 1158 1509 quaerit
1187 1458 1389 1502 admirans,

199 1539 359 1576 quonam
390 1525 500 1561 modo
532 1529 569 1561 et
599 1525 746 1574 quando
777 1524 822 1561 ad
849 1530 986 1561 matres
1012 1525 1251 1569 Thessaliae,
1281 1537 1390 1574 quam

200 1592 297 1643 apud
319 1592 518 1628 Homerum
549 1590 722 1627 Chironis
755 1596 896 1628 tantum
927 1596 1009 1628 arte
1039 1591 1182 1628 medica
1212 1597 1249 1628 et
1279 1591 1390 1628 laude

198 1660 333 1697 bellica
369 1657 552 1696 celebrem
590 1669 694 1701 esse,
741 1662 847 1694 tauta
877 1657 1059 1694 scientiae
1089 1658 1260 1709 magicae
1290 1657 1390 1696 fama

199 1726 431 1778 pervenerit,
475 1730 515 1761 ut
545 1737 753 1776 cognomen
786 1737 911 1761 earum
943 1725 1005 1761 diu
1036 1725 1072 1761 in
1107 1725 1212 1761 ltalia
1241 1738 1390 1775 quoque

199 1794 369 1832 obtineat
409 1790 558 1842 (nempe
597 1791 705 1837 illud,
748 1804 820 1840 quo
858 1796 993 1841 potens
1023 1804 1193 1841 quaeque
1223 1791 1390 1829 venefica

198 1861 389 1899 Thessala
419 1857 661 1909 nominetur),
693 1858 846 1908 ipseque
875 1858 1082 1895 Menander
1111 1857 1286 1902 fabulam,
1317 1871 1391 1908 qua

199 1940 327 1979 nugae
356 1925 575 1963 feminarum
605 1927 728 1962 lunam
759 1926 1019 1962 deducentium
1050 1925 1278 1976 spectandae
1305 1938 1390 1975 pro-

200 1998 409 2045 ponantur,
463 1990 729 2031 Thessalam
767 1993 1104 2044 cognominaverit.
1164 1993 1389 2030 Plutarchus

201 2063 254 2099 de
296 2074 412 2099 orac.
445 2061 530 2107 des]
563 2061 615 2097 ita
645 2060 681 2097 id
713 2060 952 2110 interpretari
985 2065 1166 2098 conatur:
1205 2059 1389 2109 Aglaoni-

201 2141 269 2166 cen
317 2128 563 2174 Thessalam,
613 2128 794 2179 Agetoris
837 2126 969 2172 filiam,
1011 2139 1132 2164 rerum
1171 2127 1388 2163 coelestium

202 2196 371 2246 peritam,
402 2196 549 2245 quando
581 2194 744 2232 futurum
777 2202 870 2240 erat,
901 2200 941 2231 ut
971 2194 1059 2231 luna
1090 2193 1281 2239 deficeret,
1311 2206 1390 2230 mu·

202 2262 356 2300 lieribus
401 2262 656 2312 persuasisse,
710 2263 833 2300 lunam
879 2275 921 2299 se
961 2262 1006 2299 de
1043 2262 1150 2299 coelo
1188 2262 1386 2300 devocare.
