1515 2620
153 144 238 184 172
468 136 674 174 ECLOGA
703 136 772 182 ix,
803 140 982 175 πεῖ-29,

153 264 262 302 quum
310 263 382 286 non
421 248 514 284 satis
550 247 696 286 valeret
732 246 922 297 potentia,
967 246 1123 298 imperia
1159 249 1335 287 Caesaris

151 318 324 368 cupiebat
354 314 524 360 acriora,
555 327 652 364 quae
682 318 724 351 ut
753 314 993 365 impetraret,
1024 319 1179 359 auctor,
1210 316 1337 361 credo,

151 384 230 434 ipse
267 386 349 418 erat
379 386 533 432 poetae,
572 387 613 418 ut
643 382 763 432 palam
795 394 836 418 se
867 382 1003 433 ecloga
1034 382 1079 418 de
1108 380 1182 418 fide
1213 383 1338 419 exsol-

150 450 271 488 venda
317 449 544 499 appellaret,
590 462 697 499 quam
745 449 888 485 Caesar
926 448 1083 485 dederit.
1157 447 1338 486 Profecto

151 516 332 568 Virgilius
371 516 622 553 laudationem
661 516 696 553 in
739 516 872 552 Varum
913 515 1095 566 poeticam
1126 528 1174 552 ne
1205 527 1340 566 coepe-

148 588 208 620 rat
246 583 413 633 quidem,
459 583 591 620 nedum
624 582 714 633 ipsi,
763 582 883 620 fretus
914 581 1188 629 familiaritate,
1239 582 1340 632 quod

150 650 304 688 Servius
335 650 523 701 opinatur,
555 650 715 687 incomta
748 650 929 701 principia
960 650 1187 687 recitaverit.
1238 649 1340 691 Quid

149 718 244 756 euim
276 718 337 763 sit,
370 718 469 767 quod
500 718 641 754 Moeris
674 718 770 754 bunc
802 717 922 754 locum
954 717 1111 768 abrupte
1141 716 1337 761 exemerit,

149 785 211 836 qui
265 785 411 821 laudem
457 790 600 821 tantum
649 783 812 821 futuram
860 797 1015 835 eamque
1061 784 1338 821 conditionibus

149 852 340 890 astrictam
386 851 606 902 pollicetur?
652 851 744 888 Sine
790 857 925 888 ornatu
965 852 1113 902 poetico
1151 852 1244 889 haec
1280 855 1339 888 est

149 918 357 956 sententia:
398 918 543 960 Quodsi
574 924 636 963 tu,
676 918 791 964 Vare,
831 919 1022 955 Mantuam
1054 919 1162 955 nobis
1193 931 1336 964 servas,

149 987 360 1031 Mantuam,
405 998 501 1036 quae
544 985 626 1021 sine
665 997 768 1022 noxa
807 999 874 1023 sua
906 987 952 1023 ob
983 986 1213 1024 vicinitatem
1246 986 1337 1022 Cre-

147 1066 282 1091 monae
319 1065 461 1103 poenas
498 1052 584 1097 luit3
629 1053 768 1089 nostris
806 1053 1030 1090 carminibus
1069 1058 1170 1089 tuum
1203 1065 1337 1090 nomeu

148 1120 372 1158 cantabitur.
433 1120 575 1156 Fronte
619 1119 808 1157 teneriore
855 1132 964 1169 quum
1004 1126 1106 1157 esset
1143 1119 1337 1171 Virgilius,

149 1201 257 1238 quam
305 1192 347 1224 ut
391 1200 459 1223 suo
501 1186 618 1237 ipsius
659 1186 784 1223 cantui
825 1187 990 1224 nonnihil
1030 1186 1188 1224 tribuat:
1236 1187 1335 1224 varo

147 1254 353 1299 servatori,
399 1254 526 1304 itaque
567 1254 724 1291 Caesari
765 1254 994 1300 Octaviano,
1041 1255 1147 1306 cujus
1178 1254 1240 1292 ille
1271 1267 1338 1305 po-

147 1322 301 1359 tentiam
334 1321 590 1367 administrat,
631 1321 760 1358 laudes
792 1322 943 1359 nunciat
974 1328 1167 1359 cantorum
1199 1322 1337 1359 circum

147 1390 352 1434 Mantuam,
384 1389 516 1438 quibus
548 1389 657 1426 etiam
692 1389 854 1438 Lycidas
884 1390 1018 1439 aliquis
1050 1403 1083 1427 v.
1117 1395 1167 1428 32
1200 1402 1242 1426 se
1272 1402 1338 1426 au-

147 1460 330 1493 numerat.
400 1455 526 1500 saro,
562 1469 627 1505 pro
662 1456 773 1500 Varo,
806 1456 841 1492 in
875 1457 1052 1493 honorem
1089 1457 1186 1493 Vari.
1229 1456 1338 1494 Nec-

149 1525 269 1567 dum,
318 1527 467 1559 vetuste
506 1535 572 1572 pro
610 1524 797 1558 nondam
838 1536 871 1559 v.
915 1528 952 1560 6.
1029 1523 1108 1559 Hoc
1151 1525 1339 1560 nondum

149 1589 336 1627 recentius
377 1589 422 1625 C.
454 1589 501 1625 J)
533 1602 580 1625 ex
612 1588 880 1625 Hat'uiensibus
910 1590 1060 1626 liabent.
1124 1590 1339 1628 Cremona

149 1659 195 1696 nd
226 1657 367 1693 Padum
401 1655 498 1692 inter
528 1656 640 1692 urbes
672 1660 754 1692 erat
784 1668 864 1692 cum
895 1656 1086 1706 republica
1115 1657 1337 1703 sentientes,

149 1738 242 1776 quas
282 1725 424 1760 Caesar
455 1723 704 1769 Octavianus,
743 1735 790 1758 ex
823 1729 932 1772 pacto
963 1723 1252 1769 triumvirorum,
1284 1725 1339 1762 vi-

149 1792 326 1830 ctricibus
356 1804 505 1827 suarum
536 1790 694 1841 partium
726 1789 939 1841 legionibus
970 1790 1213 1827 concedebat.
1265 1791 1338 1829 Ye-

149 1873 229 1898 rum
270 1858 380 1895 ferox
419 1858 523 1894 miles
562 1858 736 1908 quoniam
777 1857 912 1907 ubique
951 1856 1045 1894 fines
1078 1870 1167 1894 suos
1200 1859 1337 1910 migra-

149 1929 233 1973 bat,
272 1932 309 1963 et
341 1925 454 1961 multo
486 1926 649 1975 majora,
689 1938 795 1974 quam
828 1925 1011 1974 promissa
1042 1932 1171 1970 erant,
1203 1932 1239 1963 et
1271 1939 1339 1977 op-

149 1996 236 2032 tima
284 2005 453 2044 quaeque
499 1993 688 2042 rapiebat:
729 1992 925 2029 sslautmz
962 2005 1131 2042 quoque,
1171 1994 1338 2042 quamvis

150 2061 402 2099 Caesarianos
433 2065 656 2103 sectaretur,
688 2073 805 2111 agros
836 2072 926 2095 suos
956 2059 1093 2096 amisit.
1155 2059 1231 2095 Nec
1265 2060 1336 2097 Va-

150 2144 227 2167 rum
268 2133 431 2172 tantum,
469 2127 534 2164 sed
574 2127 782 2164 Pollionem
815 2139 982 2177 quoque,
1031 2126 1233 2163 verisimile
1264 2134 1335 2174 est,

149 2197 184 2234 in
216 2196 370 2234 foedere
396 2194 621 2231 Brundisino
652 2194 719 2230 sub
752 2194 893 2231 exitum
923 2193 1010 2231 anui
1042 2206 1087 2229 eo
1119 2194 1337 2240 contulisse,

150 2268 203 2310 ut,
234 2263 333 2314 quod
364 2261 520 2300 Servius
551 2261 586 2299 in
619 2262 966 2299 commentariorum
996 2273 1148 2298 suorum
1177 2261 1337 2299 exordio
