1472 2620
429 159 627 196 ECLOGA
660 158 724 203 Vl,
766 164 951 197 13—17.
1214 166 1268 204 -15

97 281 142 317 p.
174 274 276 315 471,
314 275 352 308 et
381 270 552 320 Olympus
592 275 629 307 et
658 269 799 320 Pimpla
835 276 872 308 et
903 270 1103 309 Libethron
1143 271 1269 323 regio-

104 349 168 374 nes
206 342 243 374 et
273 342 415 375 montes
451 343 561 375 antea
590 337 778 374 Thraciae
808 344 932 384 erant3
972 352 1067 376 nunc
1098 352 1162 376 eos
1191 338 1269 376 Ma-

103 405 264 442 cedones
312 409 456 449 tenent3
500 404 711 441 Heliconem
758 419 902 455 quoque
948 407 1063 443 Musis
1100 407 1270 444 Thraces

109 472 301 517 dicabant,
344 472 404 522 qui
433 471 622 508 Boeotiam
661 473 908 522 occupabant,
948 486 1021 510 una
1058 487 1136 510 cum
1168 479 1274 510 antro

108 539 341 590 nympharum
372 539 641 576 Libethridum:
681 545 827 577 veteres
864 553 1009 589 quoque
1048 541 1138 577 artis
1168 540 1275 577 musi-

105 618 172 643 cae
201 605 370 657 magistri
401 607 570 644 Thraces
609 607 797 652 dicuntur,
837 607 1002 657 Orpheus
1035 613 1071 643 et
1102 608 1276 645 Musaeus

107 677 145 710 et
181 673 403 723 Thamyrisg
444 674 619 724 Eumolpo
659 687 802 723 qnoque
842 673 906 716 (cf.
947 675 1059 710 lsocr.
1099 674 1273 726 Panath.)

105 739 190 777 inde
221 753 352 778 nomen
386 741 567 778 veniebat.
641 740 841 779 Chromin
872 746 908 778 et
939 742 1192 792 ,Mnasylvm
1216 742 1276 791 ju-

107 820 221 845 venes
258 808 446 858 Satyros
484 822 586 853 esse,
639 822 684 845 ex
732 810 853 859 priore
890 808 1157 845 consuetudine
1195 821 1276 845 cum

109 874 236 910 Sileno
269 888 301 911 v.
330 880 393 920 18,
425 888 471 912 ex
497 879 628 922 pueri
659 882 697 913 et
726 879 841 913 senis
874 876 1147 926 comparatione
1178 875 1277 912 facta

106 945 144 978 et
180 954 227 978 ex
265 941 442 992 nymphae
479 940 727 979 familiaritate
765 947 938 992 apparet,
978 943 1139 980 homines
1169 956 1277 993 quum

107 1008 343 1059 nympharum
374 1013 412 1045 et
442 1008 591 1045 deorum
622 1009 843 1047 silvestrium
875 1016 1075 1060 conspectu
1108 1010 1141 1046 in
1174 1009 1277 1046 furo-

108 1088 182 1112 rem
223 1080 446 1127 agerentur,
484 1074 716 1126 lymphati,
758 1073 1047 1128 ι’ῑχιιᾳόληπτοι.
1112 1077 1276 1114 Theocr.

107 1142 217 1188 Xlll,
249 1149 334 1181 44.:

197 1218 375 1263 N51nphae
401 1219 603 1262 pervigiles,
629 1219 726 1253 divae
752 1231 829 1260 vos,
856 1225 965 1253 terror
988 1221 1125 1261 agresti.

111 1282 157 1319 Et
186 1282 338 1319 ovidius
366 1280 455 1318 lter.
488 1283 548 1327 lv,
580 1287 667 1319 49.:

200 1353 267 1384 Ant
288 1362 370 1394 (pias
395 1352 565 1385 semideae
589 1353 741 1393 Dryades
766 1354 943 1395 Faunique
968 1353 1122 1386 bicornes

311 1406 458 1439 Numine
482 1411 653 1439 contactas
679 1412 853 1441 attonuere
878 1420 951 1442 suo.

111 1471 237 1512 Quare
268 1469 355 1507 licet
383 1471 613 1520 quantumvis
643 1471 884 1508 Nemesianus
916 1473 951 1509 in
978 1472 1181 1511 imitatione
1212 1487 1279 1512 sua

113 1537 191 1575 Eel.
225 1537 285 1573 lll.
326 1543 495 1588 pastores
530 1551 596 1575 eos
632 1540 778 1576 eosdem
817 1540 950 1577 habere
987 1541 1172 1586 videatur,
1218 1542 1280 1591 qui

112 1605 171 1642 hic
201 1618 233 1642 v.
266 1607 331 1643 85.
363 1618 451 1643 oves
481 1606 720 1656 compellunt,
760 1612 797 1643 et
827 1607 861 1643 in
895 1607 1083 1658 Calpurnii
1116 1608 1180 1653 Vl,
1212 1613 1276 1646 48.

113 1677 240 1723 pastor
269 1684 412 1722 quoque
440 1672 630 1722 Mnasylus
661 1674 820 1711 dicatur:
860 1676 1016 1724 Satyros
1046 1687 1147 1720 esse,
1178 1681 1276 1713 vete-

113 1751 173 1777 res
210 1751 355 1789 qnoque
385 1740 620 1777 Grammatici
660 1741 921 1791 opinabantur,
963 1742 1092 1791 quibus
1129 1747 1166 1778 et
1195 1742 1274 1792 ipsa

117 1805 262 1843 nomina
298 1819 346 1843 ex
383 1807 463 1843 aliis
508 1806 667 1844 fortasse
706 1809 924 1845 carminibus
962 1808 1113 1859 cognita
1149 1815 1273 1853 erant3

116 1873 414 1922 quemadmodum
453 1873 487 1909 in
527 1874 618 1910 artis
658 1875 827 1923 operibus
866 1876 972 1912 etiam
1013 1889 1107 1912 nune
1144 1876 1275 1914 similia

115 1938 211 1975 haud
251 1952 332 1975 raro
371 1937 462 1990 lingi
498 1940 750 1990 conspicimus.
815 1943 988 1993 Satyri,
1027 1943 1086 1992 qui
1124 1944 1273 1994 primum

114 2005 160 2043 ab
192 2005 353 2042 Hesiodo
383 2006 432 2043 dii
463 2007 647 2057 praesides
682 2008 850 2046 silvarum
881 2010 1272 2060 Peloponnesiaenrum

116 2071 233 2110 fuisse
262 2073 449 2118 dicuntur,
480 2079 516 2111 et
546 2087 566 2111 a
597 2074 756 2124 pluribus
785 2078 925 2114 Sileni
955 2090 1099 2127 quoque
1130 2083 1166 2114 et
1203 2078 1272 2115 Ta·-

117 2142 209 2190 tyri
240 2139 489 2187 nominantur,
520 2142 815 2190 quemadmodum
845 2144 906 2180 alii
936 2144 1004 2188 «lii,
1040 2144 1142 2195 genii
1172 2157 1272 2182 mon-

116 2205 219 2254 tium,
250 2206 382 2252 Panes,
413 2208 588 2244 Centauri
620 2215 655 2246 et
682 2210 872 2260 Cyclopes,
904 2210 1052 2247 tornnnn
1083 2212 1270 2250 humanam

117 2285 197 2310 cum
226 2271 385 2311 ferarum
415 2279 547 2311 natura
577 2275 723 2313 mixtam
754 2277 944 2314 habebant.
1012 2277 1065 2313 Ab
1095 2279 1270 2329 antiquis-
