1515 2620
455 147 656 185 ECLOGA
689 148 736 193 X,
766 151 942 186 31—34.
1192 155 1279 192 215

103 272 171 297 nes
199 258 245 297 ab
284 257 417 297 officiis
453 259 547 310 petit
583 259 640 296 sui
677 259 857 305 muneris,
904 272 1012 310 quum
1048 260 1165 311 pastis
1202 274 1277 297 non

103 331 247 365 tantum
276 326 480 378 quibusque
509 327 746 373 animalibus,
785 328 851 365 sed
889 327 999 365 etiam
1030 326 1120 365 feris
1149 327 1279 365 bestiis

104 399 142 432 et
184 394 346 446 piscibus
389 394 596 431 litoralibus
633 400 844 445 praeesset,
889 395 1013 446 itaque
1051 395 1132 432 sine
1167 395 1278 433 dubio

103 475 177 500 non
201 462 332 509 minus,
363 474 470 512 quam
486 461 655 511 Priapus,
687 462 778 499 deus
795 475 970 514 agrorum
986 463 1277 513 Lampsacenus,

101 543 169 582 pro
200 529 358 578 apibus
389 542 536 579 quoque
565 529 758 581 agricolae
789 543 914 567 curam
944 535 1109 582 gereret.
1141 530 1277 572 Quam-

103 598 230 636 obrem
272 597 309 634 in
348 596 578 648 Anthologia
620 592 855 645 μελισσόος,
905 605 1091 634 motator
1131 610 1273 645 apum,

100 664 354 716 praedicatur,
385 670 423 702 et
451 664 548 715 apud
578 664 822 701 Theocritum
852 666 886 702 ei
915 665 960 711 V,
993 667 1044 702 58
1077 678 1149 700 non
1180 666 1277 703 lacte

103 737 258 778 tantum,
288 733 354 770 sed
385 732 496 770 etiam
526 731 632 768 melle
662 731 808 769 litatur:

238 810 326 843 Octo
349 809 456 842 feram
479 809 575 842 lactis
598 807 684 841 Pani
708 808 895 841 mnlctralia
919 809 1032 851 plena,

235 866 350 909 Atque
372 864 468 899 favos
492 864 632 899 calathis
657 865 790 898 octonis
814 866 913 897 melle
938 866 1097 907 repletos.

102 935 248 986 Cytisi
278 934 458 972 culturam
489 935 517 980 1,
546 939 612 981 78,
644 946 790 984 quoque
820 948 950 983 apum
980 934 1016 971 in
1047 947 1170 980 usum,
1205 937 1277 972 Co-

100 1003 261 1049 lumella,
292 1001 531 1039 Florentinus
562 1002 831 1048 commendant,
863 1007 900 1038 et
916 1001 996 1052 quis
1013 1002 1158 1039 tandem
1175 1003 1277 1039 non‘l

101 1072 214 1122 Apes,
244 1069 388 1107 Plinius
417 1069 548 1119 inquit,
579 1075 732 1107 auctore
760 1069 975 1107 Democrito
1007 1074 1044 1106 et
1073 1069 1278 1107 Aristoma-

101 1140 185 1186 cbo,
218 1150 395 1188 nusquam
425 1137 594 1182 deerunt,
624 1137 686 1174 ubi
716 1137 824 1188 cytisi
855 1136 925 1173 erit
955 1136 1137 1185 pabulum.
1175 1138 1277 1176 Seri-

102 1211 175 1254 tur,
205 1206 303 1257 quod
333 1204 574 1242 Dioscorides
605 1204 773 1250 tradidit,
805 1204 941 1242 circum
972 1204 1155 1251 alvearia,
1187 1218 1276 1256 quo-

73 1303 75 1306 <
100 1274 198 1312 niam
229 1286 319 1324 apes
349 1271 474 1309 allicit.
518 1272 756 1309 Florentinus
787 1272 943 1309 addidit:
977 1272 1149 1322 quoniam
1180 1286 1278 1311 nova

100 1341 273 1380 examina
307 1340 478 1378 lubenter
513 1339 550 1376 in
589 1353 633 1377 eo
675 1339 858 1386 residunt,
910 1339 1069 1390 indeque
1105 1340 1142 1377 in
1179 1353 1277 1379 nova

101 1423 192 1450 vasa
220 1407 513 1447 commodissime
543 1408 790 1444 attrahuntur.

269 1479 459 1514 31—34.
518 1475 648 1512 Gallus
683 1488 705 1511 a
734 1474 834 1520 Diis,
875 1473 1188 1526 castigatoribuS,
1228 1475 1275 1511 ad

98 1543 387 1584 misericordiam
423 1545 613 1593 pastorum
649 1554 870 1580 conversus:
916 1542 1019 1593 Age,
1057 1554 1182 1580 verum
1212 1541 1273 1587 sit,

98 1613 236 1664 inquit,
274 1615 315 1648 ut
343 1610 456 1646 Amor
492 1609 687 1658 lachrymis
724 1619 804 1645 non·
828 1608 1015 1655 mitescat3
1054 1613 1174 1646 tamen
1205 1622 1273 1647 vos

102 1678 260 1733 (utinam
297 1675 464 1728 faxitisl)
509 1677 555 1713 de
590 1689 646 1713 me
684 1689 818 1713 canere
855 1676 1045 1727 poteritis,
1094 1677 1270 1731 Arcades,

101 1747 264 1786 dolorem
300 1758 417 1782 meum
448 1744 628 1795 quomodo
659 1744 810 1780 aluerim
841 1749 878 1780 et
908 1749 1072 1782 mortuus
1101 1745 1184 1781 sim!
1215 1766 1271 1772 —

98 1815 190 1853 Pari
219 1812 441 1857 constantia,
472 1825 512 1849 se
543 1811 664 1849 animo
695 1825 762 1848 suo
793 1812 997 1850 devovendi
1027 1817 1164 1858 certus,
1194 1812 1269 1850 Da-

98 1882 206 1934 phnis
241 1879 438 1918 Theocriti
486 1893 604 1929 neque
641 1879 826 1916 Mercurio
863 1885 899 1916 ct
943 1880 1151 1930 pastoribus
1188 1894 1270 1931 per-

99 1948 369 1994 cunctantibus,
401 1960 517 1997 ncque
548 1947 753 1985 cavillatori
770 1947 904 1998 Priapo
933 1947 1068 1998 aliquid
1099 1948 1268 1998 responsi

99 2018 174 2065 dut,
206 2018 324 2054 donec
356 2015 510 2053 Veneris
541 2015 575 2052 ci
604 2015 726 2052 irrisio
757 2015 861 2052 bilem
893 2020 1033 2061 movet3
1066 2016 1092 2060 l,
1125 2021 1195 2054 92:

186 2094 313 2137 Nilque
337 2094 498 2125 bubulcus
524 2092 570 2124 cis
595 2092 815 2134 respondens,
843 2103 959 2135 passus
983 2103 1131 2124 amorem

186 2150 296 2194 Ipsius
320 2153 371 2182 est
395 2160 520 2190 acrem,
545 2150 669 2181 Parcas
695 2159 853 2190 passnrns
878 2153 910 2181 ct
934 2149 1017 2191 ipsc.

98 2222 156 2258 De
199 2219 372 2257 cantandi
420 2219 553 2270 peritia
589 2218 767 2255 Arcadum
810 2218 856 2254 ad
895 2218 979 2262 vn,
1025 2222 1045 2256 4
1094 2218 1264 2257 diximus.

98 2287 323 2326 stlombihus
338 2290 508 2335 vestris,
539 2287 641 2337 quasi
657 2286 961 2331 auscultantibus,
984 2287 1262 2324 resonantibus:
