1472 2620
435 175 640 214 ECLOGA
668 176 752 221 vll,
787 180 965 214 29—32.
1241 183 1297 221 81

108 287 313 326 exordiens
351 288 537 339 quomodo
566 288 716 325 tandem
747 287 779 324 is
809 287 980 326 desinet&
1040 286 1299 326 Nau-entem

108 354 266 393 Servius
297 354 408 392 babet
438 359 475 392 et
505 354 753 405 antiquissimi
784 354 920 405 quique
950 354 1033 392 libri
1064 354 1218 406 scripti,
1250 355 1296 393 ad

106 434 199 473 quos
238 421 349 460 llafn.
389 421 431 460 A
467 421 633 466 accedit3
684 430 965 467 crescentem,
1021 422 1118 473 quod
1158 421 1296 459 lentius

108 488 267 535 dicatur,
299 489 668 540 interpretamentum
700 494 771 526 est.
833 489 905 539 lpsi
928 488 1065 533 Codro,
1098 488 1159 539 qui
1178 501 1296 539 paene

107 555 293 607 Apollinis
324 556 444 594 instar
471 554 594 601 canit,
626 568 716 606 prae
748 557 938 600 invidia,
979 569 1087 605 quum
1121 569 1142 592 a
1173 556 1296 593 tirone

106 636 148 660 se
178 622 313 661 victum
346 623 496 668 videbit,
528 624 614 660 ilia
644 629 916 671 rnmpeutur.
978 621 1187 659 llumillime
1210 635 1296 659 sen-

106 703 208 741 sum,
250 689 366 741 ipsius
408 704 455 728 ex
487 691 609 727 animo
640 689 675 726 in
708 689 891 726 bominem
922 687 1025 741 frugi
1058 688 1293 734 translatum,

106 769 215 807 quam
260 770 388 796 crasse
427 757 578 795 dicitur!
640 757 723 794 Non
755 761 898 794 tantum
928 755 985 793 sui
1010 755 1189 807 jactatio,
1230 756 1296 793 sed

106 824 304 863 immodica
334 838 482 875 quoque
513 837 560 861 ex
592 824 675 861 aliis
706 824 884 869 laudatio,
916 823 1045 860 oculus
1076 835 1190 873 saepe
1221 836 1296 859 ma-

109 891 236 943 lignus
275 893 348 938 ΙΙΙ,
406 897 481 930 103
522 891 700 928 ultionem
732 891 988 929 commovebat
1019 890 1196 927 malorum
1227 902 1298 941 ge-

108 958 267 996 niorum.
327 958 473 1000 Quodsi
517 958 723 996 malevolus
768 957 905 994 fortius
943 958 1139 1002 laudabat,
1187 969 1297 1007 quam

108 1026 365 1064 concordante
395 1030 567 1076 pectore,
612 1025 647 1061 id
678 1029 756 1071 est,
792 1026 919 1062 vellra
946 1026 1188 1074 placitnm;
1231 1036 1298 1060 no-

110 1093 238 1131 cebat:
283 1093 417 1138 laude,
460 1092 558 1130 sicut
588 1097 777 1130 nostrates
809 1105 957 1143 quoque
988 1096 1203 1136 autumant,
1243 1089 1299 1127 ef-

111 1159 385 1205 fascinawmt,
426 1160 678 1197 interemerat.
746 1159 867 1196 Tales
909 1159 1180 1196 fascinationes
1220 1156 1298 1194 for·

110 1228 210 1265 mula
267 1227 505 1279 depellebant
553 1227 849 1276 praefiscine!
911 1225 1058 1263 Nemesi
1110 1225 1297 1272 invocata,

111 1293 218 1345 quasi
267 1294 492 1331 insolentiae
534 1294 699 1338 vindice,
749 1298 867 1331 semet
914 1292 1017 1344 ipsos
1057 1291 1298 1341 conspuendo

109 1361 268 1412 aliisque
311 1361 617 1413 indignitatibus,
668 1374 741 1411 quo
779 1360 945 1398 subsidio
983 1359 1081 1409 apud
1112 1358 1299 1395 Theocri-

112 1432 187 1465 tum
222 1428 291 1473 vl,
335 1434 387 1467 39
421 1429 476 1466 vel
502 1428 654 1479 juvenis
686 1428 849 1478 Cyclops
881 1428 1109 1477 voluptatem
1141 1438 1189 1462 ex
1223 1424 1300 1461 for-

110 1509 170 1533 ma
215 1495 251 1532 in
298 1495 389 1532 mari
427 1501 632 1545 conspecta
670 1493 862 1531 innoxiam
901 1493 1101 1537 reddebat,
1147 1505 1298 1528 annexo

101 1564 308 1611 fascino,
343 1575 448 1612 quem
481 1562 600 1613 pudor
630 1566 731 1599 esset
761 1561 977 1611 adspicere,
1009 1559 1166 1608 aliisque
1199 1571 1301 1596 amu-

108 1630 209 1674 letis,
241 1629 364 1666 herbis
395 1643 541 1680 qnoque
571 1629 841 1681 circumligatis
870 1626 1219 1671 aven-uacantibns,
1251 1638 1299 1661 ex

114 1697 247 1748 quibus
277 1697 437 1734 baccar
467 1703 550 1734 erat
580 1697 640 1742 lv,
680 1701 739 1734 19.
800 1695 963 1745 'l'liyrsis
995 1706 1181 1744 arrogans
1213 1691 1299 1730 nihil

114 1764 268 1802 minoris
314 1770 528 1815 exspectat,
576 1777 682 1814 quam
727 1768 767 1799 ut
811 1763 997 1807 Arcades,
1042 1759 1300 1811 intelligentes

115 1832 339 1877 carminum,
378 1845 446 1868 sua
476 1837 611 1880 sponte
637 1831 714 1880 jam
748 1842 864 1874 nnnc,
897 1827 1200 1879 quemadmodum
1234 1838 1301 1863 nu·-

114 1898 191 1935 trix
222 1911 326 1934 snum
359 1897 558 1941 infantem,
603 1898 654 1934 ita
679 1902 854 1944 pucilam
884 1909 1010 1940 suum,
1040 1908 1121 1932 cum
1154 1893 1300 1930 nemine

114 1965 423 2015 comparandum,
476 1964 537 2014 qui
588 1972 710 2001 vates
755 1963 890 2013 aliquis
933 1962 1088 1999 illustris
1128 1960 1200 2005 ΙΧ,
1235 1963 1300 2005 34,

115 2032 288 2083 Orpbeus
320 2032 377 2070 vel
410 2031 540 2076 Linus,
572 2031 628 2069 vel
660 2031 854 2081 Amphion,
887 2029 967 2067 fieri
999 2028 1208 2066 destinatus
1239 2026 1300 2071 sit,

115 2112 140 2138 a
170 2098 420 2136 fascinatione
453 2103 640 2136 tueantur.

231 2170 430 2204 29—32.
493 2165 638 2202 Dianae
669 2168 825 2203 venator
849 2162 1000 2214 juvenis
1031 2160 1213 2211 primitias
1243 2160 1302 2211 pie

116 2232 286 2280 dedicat,
324 2238 553 2283 capturaque
592 2232 749 2268 durante
785 2230 932 2281 signum
965 2240 1206 2265 marmoreum
1238 2240 1303 2266 vo-

117 2305 192 2340 vet.
223 2320 278 2330 —-
308 2299 382 2341 Qui
413 2305 526 2337 cantu
556 2303 716 2342 certant,
747 2297 846 2347 quod
877 2296 924 2334 ad
954 2295 1100 2333 tertiam
1133 2295 1303 2346 eclogam

1110 2355 1134 2388 6
