1515 2620
184 173 272 214 150
502 160 706 199 ECLOGA
737 158 834 202 vm,
866 159 1046 195 05-99,

186 293 260 333 gos
290 284 328 315 et
359 279 491 313 nautas
522 271 715 309 officiosos
746 267 970 319 impetravit,
1002 273 1039 303 et
1070 267 1187 303 amice
1215 279 1295 304 cum
1315 267 1377 318 ju-

186 345 301 386 venili
338 342 459 380 adhuc
496 339 599 377 socia
637 336 781 375 artifice
812 350 876 373 eas
907 333 1204 372 communicavit.
1263 334 1378 371 Pere-

188 411 371 465 grinitate
410 405 535 445 letifer
572 419 719 456 quoque
759 402 1080 455 pliarinaceutriae
1111 399 1314 438 Theocriti
1341 414 1378 439 V.

193 484 266 516 161
302 488 436 514 succus
467 474 765 512 commendatur:

278 554 350 586 Tot
373 552 462 585 mala
486 552 618 591 clausa,
644 553 745 593 puto,
772 558 872 581 servo
897 545 1123 579 medicamina
1148 544 1244 586 cista,

278 609 426 653 Hospite
450 609 492 641 ab
516 607 657 648 Assyrio
683 605 785 639 didici
810 615 898 648 quae
923 603 1109 647 quondam,
1131 602 1225 643 hera,
1246 606 1381 634 cuncta.

188 681 383 724 Pontus,
430 683 555 716 aetate
603 676 746 713 seriore
793 679 896 712 terra
940 672 1198 724 appellabatur
1235 670 1383 716 fertilia,

190 760 257 798 per
297 758 471 797 inagnum
513 743 765 780 Mithridatem
805 741 927 778 famae
963 740 1217 778 celebritatem
1260 743 1384 783 nacta,

191 816 264 852 sita
296 814 360 851 illa
402 826 450 849 ex
485 810 575 847 inari
601 809 762 845 Pontico
795 808 873 846 sive
906 808 1031 844 Ponto
1059 807 1228 852 Euxino,
1288 805 1384 842 unde

193 894 326 918 nomen
356 878 536 922 habebat,
581 877 649 914 sub
679 876 815 927 plagae
841 875 1092 912 meridionalis
1116 875 1231 912 solem
1264 873 1387 910 orien-

193 956 289 993 tem,
335 947 433 984 inter
466 945 586 994 Halyn
624 957 768 981 anmem
800 943 844 979 ad
877 943 1114 979 Occideutz-nn
1140 947 1178 979 et
1207 941 1388 978 Colchida

194 1016 239 1053 ad
266 1014 477 1058 Orientem,
509 1017 547 1050 et
571 1012 617 1049 ad
649 1010 837 1048 meridiem
865 1010 1041 1046 montium
1061 1009 1168 1061 jugis
1197 1022 1218 1046 a
1243 1011 1388 1059 (lappa-

195 1081 304 1119 ‹locia
340 1082 524 1132 sejuncta.
603 1079 711 1123 inde,
758 1082 907 1127 praeter
948 1076 1040 1112 alias
1079 1076 1248 1125 plantas,
1297 1089 1389 1126 quas

197 1148 355 1185 Romani
375 1146 658 1190 transtulerant,
692 1145 806 1181 herba
826 1156 970 1182 veneno
989 1141 1389 1183 afferebaturinfamis,

198 1216 396 1254 Aeonitum
412 1214 610 1251 Ponticum
630 1212 700 1250 Lb.
717 1213 762 1258 ll,
795 1216 870 1250 152
892 1216 929 1248 et
946 1211 1166 1248 Castoreum
1188 1210 1257 1248 Lb.
1278 1211 1304 1256 Ι,
1322 1214 1388 1250 58.

197 1284 305 1334 Apud
329 1283 549 1320 Ciceronem
574 1286 696 1318 autem
716 1292 801 1328 pro
832 1281 861 1317 l.
889 1279 1010 1316 lllcm.
1032 1278 1084 1314 lx
1111 1291 1242 1316 nomen
1258 1278 1392 1316 Ponti

198 1364 358 1402 regnum
391 1362 466 1387 una
490 1348 686 1385 finitimum
713 1345 935 1385 Colchidis
963 1346 1241 1397 complectitur,
1280 1346 1391 1396 quod,

199 1416 371 1467 Appiano
403 1422 559 1453 auctore
592 1416 692 1454 bell.
729 1412 886 1453 Mithr.
920 1414 1006 1459 ΧΥ,
1054 1414 1282 1451 Mithridatis
1310 1419 1393 1451 erat

203 1484 241 1520 in
277 1482 438 1520 ditione:
496 1482 651 1532 patriam
685 1482 793 1518 istam
830 1481 1159 1518 celebratissiinam
1191 1482 1325 1519 Circae
1356 1487 1395 1519 et

199 1549 374 1595 Medeae,
417 1549 478 1586 ubi
508 1563 530 1600 q
542 1545 705 1599 άςιμιικα
733 1548 812 1586 sive
835 1560 1021 1592 venena,
1055 1547 1078 1584 i.
1107 1561 1139 1585 e.
1166 1545 1327 1586 herbae
1357 1555 1395 1587 et

201 1617 298 1655 aliae
335 1628 408 1653 res
440 1614 652 1659 veneticae,
694 1621 731 1651 et
770 1615 909 1651 noxiae
943 1619 981 1650 et
1013 1614 1212 1661 innoxiae,
1257 1617 1393 1655 inultae

201 1684 466 1722 nascebantur.
529 1683 667 1719 Eodem
705 1682 859 1719 Iberia
895 1693 1042 1731 quoque
1076 1695 1155 1719 cum
1184 1684 1306 1720 inultis
1332 1698 1394 1722 ve·

203 1751 313 1788 nenis
351 1750 564 1802 pertinebat
601 1750 668 1787 sub
697 1751 891 1793 Caucaso,
935 1749 1033 1786 unde
1061 1750 1219 1788 Canidia
1248 1751 1396 1789 Horatii

202 1819 321 1869 Epod.
353 1819 401 1863 V,
436 1824 483 1856 21
510 1818 656 1855 domuin
680 1830 783 1854 suam
812 1817 1066 1853 instruxerat:

409 1895 632 1938 Herbasque,
668 1906 751 1939 quas
778 1895 886 1927 Iolcos
912 1897 1015 1936 atque
1040 1892 1148 1926 Iberia

522 1950 647 1992 Mittit,
673 1962 883 1984 venenorum
909 1949 1016 1982 ferax.

206 2018 320 2057 Mathe·
353 2022 491 2065 leem,
527 2033 628 2057 ineos
657 2019 692 2056 in
719 2033 809 2056 usus
840 2020 1010 2063 collecta,
1043 2019 1210 2069 quamvis
1237 2031 1302 2063 eo,
1334 2019 1396 2069 qui

203 2088 368 2137 legebat,
401 2088 447 2125 de
470 2101 526 2125 nie
555 2101 601 2125 ne
624 2087 818 2139 cogitante
841 2087 1009 2137 quidem:
1041 2087 1086 2123 ad
1104 2087 1225 2123 dedit
1241 2086 1397 2123 alterum

208 2153 312 2192 mllte'
361 2155 656 2206 intelligendum.
728 2154 969 2200 pluruma,
1027 2153 1213 2204 positione
1250 2159 1399 2191 vetusta

208 2227 246 2258 et
275 2235 297 2259 a
328 2222 429 2258 ,lulio
460 2224 626 2260 Caesare
650 2222 842 2266 adaimita,
891 2235 938 2259 ex
963 2222 1057 2258 libro
1083 2220 1266 2258 Mediceo.
1329 2221 1398 2258 Fa-

205 2288 323 2326 bellae
354 2289 491 2326 Graeci
529 2289 684 2339 italique
702 2290 805 2340 vulgi
825 2290 869 2326 de
892 2284 1203 2339 λνκανθρηίποις
1233 2288 1391 2336 aliisque
