1515 2620
178 149 262 190 174
507 140 711 178 ECLOGA
743 140 820 187 ΙΧ,
852 145 1032 182 30-36.

174 269 247 308 que
283 255 407 294 subtili
444 253 658 291 urbanitate
689 253 881 290 Romanus
911 253 1142 303 Syracusani
1172 255 1364 306 exempla-

174 325 226 362 ris
256 336 359 360 suam
392 320 482 358 fecit
510 319 754 365 sententiam,
794 320 963 358 Tbeoer.
996 319 1083 367 vn,
1115 322 1192 358 35:

264 433 377 465 Unum
403 435 437 464 et
460 431 526 464 iter
550 430 669 471 nobis,
705 441 792 471 una,
820 441 862 463 en
888 441 975 473 age,
1001 434 1035 463 et
1059 429 1144 462 bora
1167 429 1248 463 diei.

263 488 405 521 Rustica
431 487 510 531 qnin
537 485 721 520 canimus?
754 487 838 520 socii
863 487 977 520 socius
999 486 1096 528 juvet
1121 490 1242 518 artem.

263 544 400 588 Quippe
425 554 490 585 ego
515 543 693 576 Musarum
718 542 852 585 spirans
878 554 934 582 os;
973 553 1027 576 me
1051 541 1227 575 meliorem

263 600 432 633 Omnibus
457 599 491 632 in
516 603 616 632 cantu
642 598 777 639 dicunt3
811 599 903 642 quod
927 598 985 631 vix
1011 608 1077 640 ego
1100 598 1250 632 credam.

261 657 342 691 Non
367 655 542 700 equidem!
570 666 634 688 nec
658 655 863 696 Sicelidem‚
890 666 944 688 me
964 654 1101 696 judice,
1127 653 1229 688 vinco

262 714 360 756 Ipse,
392 713 536 756 probum
561 710 733 752 Samium3
759 722 823 744 nec
848 710 1007 744 carminis
1033 715 1106 743 arte
1129 710 1318 750 Philetam3

262 769 365 802 Hand
390 768 489 802 aliter
515 768 575 800 sed
601 768 691 800 enim
718 767 889 800 contendo
916 777 954 800 ac
980 777 1062 799 rana
1087 765 1227 800 cicadis.

173 862 269 906 Sic,
316 873 424 910 quam
462 872 537 911 ego
575 872 664 898 vere
703 859 834 906 velim,
885 858 1094 910 adjurantis
1133 862 1212 903 θεῖς
1255 869 1364 908 quam

173 941 247 980 ego
279 940 367 964 vere
397 927 527 973 velim,
568 927 647 964 lieri
679 926 733 963 tui
765 940 844 971 res,
877 939 1030 976 quarum
1063 932 1101 962 tu
1133 925 1278 963 villicus
1309 937 1364 971 es,

172 996 277 1033 malis
308 1000 482 1038 careant,
519 994 626 1031 bonis
658 993 829 1032 affluant.
891 994 929 1030 ln
962 993 1069 1045 agris
1100 991 1270 1044 Virgilii,
1301 991 1365 1042 qui
1421 989 1424 991 ’

172 1077 195 1101 a
231 1063 389 1101 collibus
427 1062 663 1099 silvestribus
695 1062 740 1097 ad
773 1066 880 1111 prata
910 1059 1039 1097 Mincii
1071 1059 1365 1110 porrigebantur

171 1144 206 1169 v.
239 1135 284 1176 7,
317 1129 515 1181 egregium
548 1133 630 1166 erat
661 1126 883 1165 mellificium
916 1127 953 1172 l,
997 1129 1064 1165 54.
1098 1125 1185 1171 vn,
1223 1132 1292 1171 13,
1326 1132 1366 1163 et

171 1210 234 1235 res
270 1196 448 1248 pecuaria
483 1196 555 1233 Lb.
594 1196 647 1242 ll,
690 1200 781 1234 198.
851 1195 991 1241 Tauri,
1031 1193 1162 1244 apibus
1193 1193 1366 1231 inimicae

171 1265 243 1303 Lb.
282 1265 351 1310 n',
397 1269 472 1310 47,
519 1264 721 1314 Cyrneae
758 1263 838 1300 sive
879 1262 1087 1300 Corsicae
1116 1260 1364 1311 appellantur,

170 1333 345 1384 quoniam
384 1332 474 1378 mel,
520 1332 618 1382 quod
649 1331 749 1369 circa
778 1331 970 1368 Mantuam
1000 1329 1169 1379 Hyblaeo
1199 1328 1382 1366 aemula?

170 1400 282 1437 batur
320 1403 355 1444 Ι,
398 1403 470 1444 55,
510 1399 639 1436 addita
670 1398 877 1436 acerbitate
908 1404 945 1435 et
975 1397 1130 1435 venenis
1160 1396 1239 1433 suis
1269 1397 1363 1433 Cor-

171 1467 250 1504 sico
284 1471 514 1516 aequaturae
545 1471 686 1502 essent.
747 1466 854 1502 Hauc
884 1472 1006 1502 autem
1039 1470 1190 1514 praeter
1219 1463 1363 1501 acerbi-

171 1539 285 1571 tatem
327 1532 521 1577 infamem,
567 1532 672 1583 cujus
712 1531 898 1583 originem
929 1531 1119 1568 Diodorus
1150 1537 1187 1568 et
1216 1530 1363 1567 Plinius

132 1596 134 1599 ⁸
171 1601 432 1652 frequentibus
462 1599 592 1643 buxis,
624 1599 777 1636 Ovidius
807 1599 973 1642 cicutae,
1005 1598 1190 1634 Martialis
1221 1598 1361 1648 thymo,

171 1669 269 1720 quod
302 1668 350 1704 ibi
383 1673 485 1712 erat,
525 1666 673 1710 tribuit,
720 1665 860 1716 Cyrni
891 1665 970 1703 sive
1001 1665 1182 1702 Corsicae
1212 1665 1363 1702 multum

171 1748 255 1773 esse
287 1735 446 1772 debebat
475 1732 721 1779 malificium,
766 1746 895 1783 quum,
940 1738 1096 1769 auctore
1126 1732 1257 1777 Livio,
1300 1733 1363 1770 de-

169 1803 292 1842 victae
342 1802 489 1839 insulae
532 1800 693 1838 Romani
738 1800 916 1837 tributum
960 1811 1071 1836 cerae
1113 1798 1364 1850 imponerent.

171 1869 284 1908 Hafn.
316 1869 362 1906 B
393 1870 503 1907 babet
538 1868 759 1919 Gryneus.
818 1867 955 1904 'roasa
985 1865 1091 1904 frons
1121 1870 1256 1918 cytisi
1287 1865 1364 1904 fru·
1417 1864 1419 1866 ’

171 1938 256 1976 ticis
287 1937 360 1976 Lb.
394 1938 446 1982 il,
491 1942 593 1983 431,
626 1943 700 1973 tam
731 1934 861 1973 viridis
892 1947 999 1984 quam
1030 1934 1190 1980 siccata,
1222 1934 1363 1986 pingue

172 2005 321 2057 pecoris
360 2005 531 2056 pabulum
563 2010 663 2048 erat,
705 2003 810 2053 cujus
841 2002 987 2039 cultura
1019 2002 1238 2054 diligentem
1268 2001 1363 2039 villi-

174 2087 254 2111 cum
295 2073 479 2111 indicaret
509 2073 544 2117 Ι,
585 2076 650 2110 78.
710 2070 1010 2115 Dimendaut,
1055 2083 1127 2120 qua
1157 2082 1250 2107 voce
1282 2069 1364 2105 vir-

173 2141 288 2194 gilius
341 2153 488 2192 semper
539 2139 676 2184 utitur,
736 2144 898 2188 quatuor
942 2149 1090 2188 quoque
1135 2135 1365 2174 narnienses

173 2215 407 2260 agnoscunt3
439 2220 657 2258 quamquam
675 2204 1099 2243 distententfleinsius
1117 2204 1152 2240 iu
1172 2203 1266 2240 libro
1283 2203 1362 2241 Me-

175 2276 281 2313 diceo
318 2276 471 2325 reperit.
530 2273 690 2321 Itece'lle
720 2288 794 2311 -ε
835 2279 1018 2310 consueta
1055 2270 1276 2322 provocatio
1313 2269 1360 2307 ad
