1515 2620
187 139 276 180 930
526 131 727 167 ECLOGA
759 129 808 174 X,
838 131 1017 167 70-74,

189 244 330 282 animos
368 243 624 293 inspirantium
655 241 903 287 recordatum,
934 239 1131 278 cecinisse.
1181 241 1368 278 Recorda-

188 312 325 349 tionem
364 322 431 346 usu
476 314 716 361 expertorum
761 308 797 345 in
846 308 1005 359 septima
1049 319 1196 358 quoque
1239 307 1372 360 ecloga

188 393 225 418 v.
258 382 307 418 19
339 390 361 415 a
389 377 507 414 Musis
545 376 723 428 expetiit,
765 388 834 413 nec
876 375 995 412 minus
1034 380 1155 412 tamen
1186 388 1221 412 v.
1252 379 1304 413 69
1334 375 1370 411 in

189 444 426 496 expositione
457 444 614 482 maxime
645 443 770 481 eximii
793 443 992 494 acquievit.
1023 444 1072 481 At
1098 455 1212 493 quare
1228 442 1372 487 Musae,

188 526 297 564 quum
317 513 504 550 Arethusa
533 517 654 549 tamen
687 511 829 549 animos
859 517 960 549 esset
978 511 1189 562 inspirans}
1219 509 1375 546 Scilicet

188 582 280 618 baec
311 585 411 626 erat,
443 593 558 631 quae,
589 580 636 618 ad
666 579 864 617 Theocriti
894 592 1024 616 sonum
1055 577 1276 623 inflandum,
1309 577 1373 614 im-

189 648 317 700 primis
347 649 620 695 advocabatur3
652 648 730 695 sed,
762 652 803 684 ut
833 660 912 685 cum
945 647 1107 684 Homero
1137 647 1290 696 loquar:

234 738 317 770 Soza
340 748 398 770 nec
423 738 502 778 illa3
526 738 656 779 puellae
681 738 833 777 aderant,
859 747 941 779 quae
965 737 1114 768 carmina
1138 733 1308 766 amabant.

190 818 310 860 Quam
357 830 470 868 saepe
516 817 552 854 in
597 816 823 854 advocandis
862 816 979 853 Musis
1025 829 1099 852 nna
1143 814 1370 866 appellatur!

190 884 270 923 Soli
309 884 472 922 Tbaliae
513 884 547 922 in
588 884 769 935 principio
815 889 948 921 sextae
991 884 1147 935 eclogae
1186 887 1297 933 po'e'ta
1333 894 1375 919 se

189 952 317 991 dicare
353 953 520 998 videtur,
563 957 600 989 et
636 951 760 989 statim
801 958 953 1003 postea,
995 951 1134 1002 pariter
1164 957 1273 1000 atque
1304 950 1374 993 bic,

189 1024 350 1058 cunctae
399 1020 569 1074 Pierides
623 1025 773 1070 praesto
819 1025 919 1057 sunt.
989 1019 1146 1057 Corbes
1193 1018 1376 1068 aliamque

190 1088 457 1139 supellectilem
497 1096 672 1132 terere,
721 1092 909 1138 pastorum
948 1099 1139 1125 commune
1184 1084 1376 1137 negotium

191 1161 274 1203 erut
302 1156 354 1202 ll,
393 1161 460 1194 71.
521 1155 627 1192 Hanc
657 1155 882 1193 corbulam
913 1167 960 1192 ex
998 1152 1186 1199 Ιιὶὂίεεο,
1229 1153 1274 1190 de
1303 1165 1377 1203 quo

191 1224 238 1269 ll,
273 1228 326 1262 30
358 1224 493 1261 dictum
525 1227 594 1267 est,
627 1223 672 1259 ad
704 1235 835 1260 caseos
866 1221 1084 1260 formandos
1115 1221 1288 1272 caprinos
1318 1233 1379 1258 ca·

190 1291 337 1341 prarius
381 1291 601 1328 destinavit:
653 1290 957 1340 quemadmodum
1003 1289 1099 1341 apud
1137 1288 1379 1326 Columellam

192 1365 229 1396 et
249 1359 486 1409 Calpurnium
517 1358 616 1395 casei
649 1358 705 1396 vel
737 1358 772 1394 in
804 1357 1005 1395 minoribus
1036 1356 1092 1395 vel
1124 1356 1159 1394 in
1180 1356 1380 1408 majoribus

194 1426 368 1464 corbibus
401 1425 651 1472 (fiiscellae‚
683 1423 871 1476 calathi)
903 1424 1124 1462 formantur.
1185 1424 1305 1462 Etiam
1335 1423 1380 1461 de

192 1494 365 1544 Apolline
394 1498 545 1544 pastore
576 1493 752 1529 Tibullus
785 1493 829 1538 ΙΙ,
865 1498 901 1538 3,
940 1497 987 1531 15
1019 1492 1140 1529 canit:

328 1582 423 1614 'l'unc
445 1581 569 1621 fiscella
595 1581 657 1612 leci
680 1581 813 1612 ‹li-resta
839 1585 887 1612 es!
912 1582 1029 1612 vimine
1043 1580 1152 1622 junci,

463 1639 620 1680 Raraque
642 1647 702 1679 per
724 1647 830 1668 nemus
853 1640 900 1668 est
925 1637 978 1668 via
1003 1635 1095 1677 sacta
1117 1647 1203 1668 sero.

193 1729 425 1782 Adjectivum
454 1728 650 1780 gracilis
689 1727 864 1779 designat
894 1727 1132 1773 tenuitatem,
1176 1726 1381 1780 longitudi-

195 1811 289 1844 nem,
320 1797 526 1835 exilitatem
556 1796 745 1848 virgarum
776 1809 823 1833 ex
855 1795 1010 1841 bibisco,
1042 1795 1129 1832 nibil
1160 1794 1195 1831 id
1212 1795 1380 1833 alludens

195 1866 242 1904 ad
285 1871 432 1903 tenuem
470 1865 578 1916 bujus
618 1864 777 1916 eclogae
814 1868 877 1901 aut
913 1863 1110 1901 universae
1147 1862 1380 1901 collectionis

196 1933 469 1971 tractationem.
501 1932 701 1970 Pieridex
733 1944 807 1983 ego
838 1944 910 1968 non
935 1930 1159 1969 cumdivae
1175 1931 1379 1983 conjungo,

196 2001 296 2052 quod
326 1999 407 2038 fieri
438 2006 564 2039 vetant
596 1999 837 2050 interposita3
868 1999 958 2044 sed,
990 1999 1095 2048 quasi
1127 2012 1259 2036 novam
1289 1999 1380 2036 allo-

198 2069 425 2120 quutionem,
457 2082 536 2106 cum
567 2067 820 2118 sequentibus.
878 2067 1081 2104 Pierides
1106 2068 1289 2114 puellae
1315 2067 1380 2113 lll,

200 2142 267 2177 85.
300 2137 368 2183 Vl,
404 2141 466 2174 13.
525 2135 660 2174 Amor
701 2135 736 2171 in
769 2134 913 2172 Gallum
945 2148 1025 2172 eum
1056 2134 1203 2185 adegit,
1245 2139 1286 2171 ut
1314 2135 1380 2173 tri-

201 2211 296 2243 stem
333 2211 502 2244 eventum
541 2203 647 2241 amici
686 2203 807 2248 solus,
858 2215 880 2239 a
917 2201 1018 2239 silvis
1056 2207 1195 2238 tantum
1231 2201 1380 2240 auditus

203 2287 234 2310 v.
267 2278 313 2318 8,
352 2277 523 2317 caneret,
561 2272 671 2320 inque
703 2283 746 2307 eo
778 2268 902 2308 officio
933 2283 973 2307 se
1004 2269 1212 2308 retardaret
1243 2283 1277 2307 v.
1310 2273 1376 2309 75.
