1515 2620
360 139 565 178 ECLOGA
595 139 645 186 x,
678 143 855 178 57—63.
1190 146 1279 185 225

92 253 336 305 Cydonias,
367 252 414 290 ab
443 253 535 291 urbe
567 252 767 303 Cydonia
796 251 876 289 sive
909 251 1125 302 Cydonio,
1155 250 1279 301 capite

89 321 283 371 Cydonum
330 320 429 358 inter
476 320 678 358 Cretenses
730 319 965 372 sagittarios.
1032 318 1133 356 Tela
1177 318 1274 356 enim

87 389 285 434 Arcadica,
315 400 411 438 quae
439 392 568 439 pastor
598 387 756 425 debebat
780 386 985 424 Arcadicus
1014 399 1164 438 gerere,
1196 391 1277 424 tan-

87 460 219 507 topere
247 468 329 493 cum
359 455 609 494 celeberrimis
638 455 938 499 aemulabantur,
969 457 1011 490 ut
1040 453 1137 503 apud
1166 454 1277 491 Clau-

87 523 235 561 dianam
266 522 365 569 Vlll,
403 528 478 563 161
511 522 635 560 Diana
654 523 908 560 Maenalios
934 533 1067 558 arem·
1099 526 1137 558 et
1163 519 1275 570 plta-

86 599 236 629 retras
274 590 392 628 amico
423 604 491 628 suo
522 590 620 627 dono
651 589 762 628 ferat.
820 589 1073 639 Xenophonte
1104 594 1274 634 auctore,

84 657 249 704 Persae,
303 663 478 710 parentes
526 662 614 695 tunc
664 656 987 694 reformidatorum
1036 653 1273 701 Parthorum,

87 738 198 764 arcus
234 725 420 764 habebant
458 738 703 777 permagnos3
740 729 869 771 eraut,
910 722 972 773 qui
1012 735 1131 773 paene
1162 723 1271 759 trium

85 793 306 840 cubitorum,
337 799 376 832 et
405 794 567 846 sagittas
596 793 695 830 ultra
725 792 818 829 duos
849 790 994 828 cubitos
1024 789 1272 841 longitudine.

85 861 163 898 Cur
199 862 348 899 tandem
387 862 456 899 hac
492 874 567 899 una
604 860 641 898 in
673 858 953 910 comparatione
984 857 1165 909 Virgilius
1196 872 1271 896 non

86 928 297 978 acquievit}
326 928 471 965 Plinius
500 928 602 973 XVI,
635 932 699 974 65,
731 928 897 964 hamatas
927 926 1090 977 sagittas
1121 926 1271 963 arundi-

81 1007 187 1042 neaS,
219 995 283 1043 nit,
314 995 447 1046 quibus
473 995 686 1033 (lrientales
716 995 829 1031 solem
861 994 897 1030 in
929 1007 1057 1045 pugna
1074 994 1269 1031 obumbra-

80 1061 184 1109 bant,
216 1063 262 1100 ob
291 1062 480 1102 levitatem
511 1076 626 1108 suam,
657 1062 786 1099 diebus
807 1066 950 1099 tantum
967 1062 1125 1107 serenis,
1156 1067 1267 1100 vento

80 1129 184 1167 nullo
214 1130 387 1181 nullaque
417 1130 563 1181 pluvia,
596 1130 760 1167 adhiberi
791 1129 980 1180 potuisse3
1012 1134 1267 1179 tempestatem

79 1197 139 1235 vel
170 1196 334 1235 indutias
364 1196 512 1235 fecisse.
573 1198 745 1235 Calamus
775 1203 897 1235 autem
930 1197 1087 1235 maxime
1118 1197 1164 1234 ad
1195 1210 1266 1234 sa-

78 1267 225 1315 gittas
254 1265 412 1303 idoneus
442 1270 535 1311 erat,
567 1271 825 1316 praeterquam
851 1265 983 1310 Rheni,
1015 1265 1265 1302 Bononiensis

79 1333 209 1379 amnis,
244 1333 456 1380 Creticus,
487 1334 560 1384 qui,
592 1334 722 1384 plenus
753 1333 933 1371 medullae
964 1337 1001 1369 et
1018 1333 1262 1383 ponderosus,

79 1405 212 1438 contra
240 1406 389 1440 ventum
420 1415 566 1452 quoque
597 1401 808 1446 ferebatur,
841 1401 1066 1450 insuperque
1096 1399 1262 1436 interno-

78 1468 140 1506 dia
177 1469 368 1506 emittebat
411 1469 650 1521 longissima,
699 1468 862 1519 igneque
901 1466 1099 1512 flexibilia3
1147 1480 1261 1516 quare

77 1536 366 1587 Theophrastus
402 1536 472 1582 lv,
512 1541 562 1575 12
613 1535 792 1573 calamum
840 1534 1076 1586 sagittarium
1125 1534 1260 1571 eximie

80 1603 297 1641 Creticum
327 1604 500 1654 appellat.
560 1603 679 1640 Arcus
717 1602 834 1653 igitur
864 1601 1071 1638 nominibus
1102 1602 1259 1652 plurium

76 1672 295 1721 populorum
326 1671 504 1708 honorari
535 1674 702 1722 poterat3
732 1669 897 1721 sagittae
927 1670 972 1706 ab
1001 1670 1084 1706 loco
1116 1674 1256 1706 tantum

77 1739 252 1786 Cretic03
283 1739 587 1790 quemadmodum
618 1739 712 1775 Aen.
744 1738 810 1782 Xl,
842 1742 942 1776 772:

254 1819 344 1858 lpse,
368 1819 541 1858 porcariam
560 1816 724 1857 fer-ruffine
747 1816 857 1846 clarus
880 1819 911 1847 et
935 1819 1036 1856 ostro,

256 1874 394 1915 Spicula
419 1873 587 1915 torqueba!
613 1874 714 1914 Lycio
741 1872 902 1912 Gortynia
926 1882 1035 1903 cornu.

76 1952 305 2000 Spiculvm
350 1953 473 2004 cuspis
519 1952 726 2003 appellatur
771 1956 808 1988 et
847 1951 963 2002 jaculi
1002 1954 1039 1988 et
1076 1950 1253 2001 sagittae.

74 2019 173 2057 Ante
203 2028 422 2072 tamqvam
447 2021 577 2058 Gallus
609 2019 794 2071 paulisper
823 2032 863 2056 se
893 2019 1066 2063 sustinet,
1097 2024 1134 2054 et
1166 2024 1253 2063 tuin,

75 2099 257 2125 converso
288 2102 471 2133 sermone,
503 2088 735 2132 condenniat,
766 2100 860 2137 quae
892 2086 1251 2136 modoplacuerant:

74 2154 267 2193 Perinde
304 2169 356 2193 ac
394 2154 434 2193 «τί
470 2154 548 2192 lmc
578 2178 630 2183 —
663 2178 714 2184 -—
747 2159 834 2191 sit!
879 2168 967 2204 pro,
1008 2166 1131 2191 verum
1164 2153 1254 2190 haec

74 2235 149 2260 non
180 2228 279 2260 sunt.
339 2224 396 2260 lta
425 2224 601 2260 Horatius
634 2223 663 2258 ll
697 2223 762 2272 Ep.
797 2227 832 2265 2,
868 2227 965 2260 171:
1015 2221 1252 2272 Tamquam

74 2293 136 2328 sic
158 2293 390 2339 proprium
420 2293 687 2343 quidquam!
716 2289 869 2341 perinde
898 2302 943 2327 ac
973 2289 1003 2326 si
1034 2287 1084 2325 sit
1114 2287 1250 2338 aliquid

1028 2349 1077 2382 ¹15
