1472 2620
396 136 597 173 ECLOGA
628 136 687 181 Vl,
719 140 908 175 78—81.
1177 139 1238 178 59

73 249 237 286 Athenas
265 247 454 298 profectus
485 253 559 293 est,
606 247 823 298 Proeneque
854 260 933 284 eum
964 245 1160 297 permovit,
1199 249 1238 281 ut

73 315 310 353 Philomelam
333 315 417 353 inde
438 328 560 353 secum
585 327 748 351 sororem
772 315 983 351 adduceret.
1042 314 1081 349 ln
1105 312 1237 349 itinere

74 395 153 420 eam
183 383 344 428 vitiavit,
375 389 412 420 et
441 383 627 434 linguam,
659 395 704 418 ne
733 381 877 419 facinus
901 382 1017 432 palam
1047 379 1173 425 fieret,
1204 379 1238 417 ei

74 451 255 488 exsecuit.
319 450 451 488 Telam
481 455 613 486 texens
643 449 679 485 id
709 449 911 485 Philomela
949 448 1068 485 sorori
1099 446 1238 498 patefe-

73 517 142 564 cit3
173 530 244 568 quo
274 516 374 555 facto
404 522 582 567 utraque,
612 522 651 552 ut
681 529 721 553 se
748 516 1026 560 ulciscerentur,
1058 516 1138 565 Ityn
1166 528 1238 552 ma-

73 590 208 622 etatum
238 585 334 635 patri
366 585 446 622 cibo
470 589 731 635 apposuerunt.
791 583 825 619 ls
851 596 935 627 eas,
967 583 1129 633 cognitis
1155 583 1237 619 reli-

70 652 185 702 quiis,
215 664 322 702 quum
355 652 428 689 telo
459 656 759 703 persequeretur,
801 649 1071 686 miserationem
1103 650 1186 685 illae
1217 664 1238 687 a

71 719 152 756 Diis
189 724 380 769 precatae,
425 732 550 756 omues
586 722 745 754 mutatae
784 723 883 754 sunt.
942 716 1129 761 Procne,
1173 718 1238 753 ίιι-

72 789 216 823 scium
238 785 357 831 sacta,
388 786 423 823 in
449 786 559 824 silvas
585 786 774 830 avolabat,
806 785 884 835 Ity
907 785 1105 829 miserans3
1135 782 1238 821 Pla·-

72 854 250 899 lomela,
297 854 496 891 domestica
526 854 698 898 hirundo,
744 859 848 889 curto
880 852 1057 897 stridore,
1100 852 1145 888 ob
1177 852 1239 889 de-

71 925 275 958 truncatam
295 919 472 972 linguam,
505 920 643 957 Teren
664 920 858 969 pipilabat;
889 926 925 955 et
943 921 1103 965 Tereus,
1129 920 1238 956 etiam

73 999 179 1038 quum
210 999 324 1038 epops
353 992 472 1033 esset,
513 987 581 1024 Pu
611 987 688 1024 sive
719 987 787 1023 Ubi
819 987 1016 1036 exquirens
1047 988 1238 1023 clamabat.

76 1055 239 1092 Hesiodo
265 1060 416 1092 auctore
440 1059 618 1105 perpetua
639 1054 820 1090 insomnia
842 1054 994 1091 luscinia
1016 1055 1142 1104 punita
1170 1060 1238 1101 est,

71 1135 166 1172 quae
196 1121 349 1160 Graecis
380 1122 414 1158 in
446 1121 674 1172 proverbium
707 1121 828 1165 venit3
871 1121 1044 1165 hirundo,
1090 1129 1239 1172 propter

69 1189 186 1226 levius
215 1189 369 1235 crimen,
414 1188 642 1226 semisomnis
672 1188 771 1225 facta
803 1193 870 1225 est.
930 1189 1109 1241 Gorgias,
1142 1191 1238 1240 quod

69 1256 290 1294 Aristoteles
314 1257 420 1294 Rhet.
440 1258 500 1302 ΙΙΙ,
524 1263 544 1294 3
572 1262 708 1300 narrat,
733 1268 838 1305 quum
864 1257 908 1292 ab
933 1257 1124 1294 hirundine
1147 1271 1239 1294 eon-

63 1323 263 1375 jiceretur:
295 1323 487 1374 Turpiter,
511 1323 709 1373 inquiebat,
735 1324 858 1374 egisti,
887 1324 1103 1362 Philomela!
1135 1326 1238 1362 Hane

69 1390 229 1427 Atticam
259 1390 405 1427 fabulae
434 1389 607 1435 formam,
648 1403 763 1440 pauca
794 1391 1044 1435 immutantes,
1085 1393 1236 1442 Apollo-

70 1458 195 1504 dorus,
224 1458 358 1502 Varro,
390 1457 612 1503 Pausanias,
644 1457 891 1508 Antliologia‚
925 1458 1098 1504 Nonnus,
1129 1472 1237 1496 enar-

70 1529 214 1562 ratores
244 1530 491 1576 spectatarum
523 1524 724 1562 fabularum
751 1532 785 1561 et
802 1526 967 1562 Tzetzes
993 1526 1235 1563 retinuerunt.

69 1592 190 1643 Aliqui
221 1593 447 1630 recentiores
480 1597 599 1629 tamen
630 1593 827 1630 servabant
858 1593 998 1642 quidem
1034 1594 1235 1639 historiam,

70 1660 134 1697 sed
165 1665 370 1711 permutato
400 1661 590 1710 utriusque
621 1660 760 1696 sororis
793 1660 954 1697 nomine:
987 1660 1037 1697 ita
1069 1668 1106 1697 ut
1134 1660 1235 1699 Plu·-

69 1725 243 1774 lomela,
286 1728 404 1765 Terei
436 1741 548 1773 uxor,
590 1729 801 1773 luscinia,
846 1734 882 1764 et
912 1728 1039 1765 vitiata
1067 1729 1238 1767 Procne

68 1792 255 1832 hirundo
278 1794 395 1833 fieret.
440 1796 540 1833 Haec
563 1796 728 1845 exempla
748 1796 960 1832 Eustatlnius
977 1796 1107 1845 (ldyss.
1128 1796 1232 1843 xlx,

70 1864 150 1900 518
181 1861 365 1911 sequitur,
405 1868 660 1912 praeterquam
692 1863 787 1912 quod
819 1869 1057 1913 postremum,
1102 1864 1234 1902 suimet

70 1930 149 1980 ipse
179 1929 330 1974 oblitus,
363 1942 408 1966 ex
437 1930 642 1979 antiquiore
664 1930 874 1968 narratione
900 1932 1144 1983 repugnantia
1169 1946 1233 1969 uo-

68 1996 164 2033 mina
188 1994 307 2033 affert.
375 1997 475 2034 Haec
502 1997 675 2049 Virgilius
706 2011 849 2048 quoque
874 2004 909 2035 et
935 1999 990 2035 hic
1018 2006 1054 2036 et
1077 1999 1144 2036 Lb.
1173 2000 1233 2044 ΙΥ,

70 2068 120 2102 15
150 2068 188 2101 et
218 2067 293 2102 511
328 2065 510 2114 sequitur,
542 2065 602 2102 ubi
630 2065 795 2103 Procne
824 2064 1030 2105 hirundo.
1065 2073 1101 2104 et
1130 2065 1235 2104 Plu·-

67 2132 224 2168 lomela
262 2130 449 2169 lmciuia
476 2138 549 2177 est3
590 2133 677 2170 liaee
703 2134 899 2170 Petronius
926 2147 1088 2184 quoque,
1126 2139 1235 2184 poeta

68 2199 230 2245 Aetnae,
278 2199 351 2236 ulii.
412 2200 512 2237 Haec
543 2201 665 2250 opinio
704 2202 799 2239 inter
829 2203 1032 2243 Romanos,
1079 2204 1137 2252 qui
1169 2217 1234 2240 no-

69 2278 149 2304 meu
180 2266 405 2305 Philomelae
436 2266 596 2306 tortasse
635 2269 679 2306 de
711 2277 839 2307 cautus
869 2270 985 2307 annea
1015 2270 1233 2321 interpreta-
