1472 2620
410 154 616 193 ECLOGA
647 153 725 199 Vll,
756 155 936 193 65—68.
1208 159 1269 198 95

86 272 161 304 tum
202 266 406 304 blanditur!
468 264 727 311 Fraxinus,
774 264 1010 303 Fraxinus:
1046 267 1273 304 excelsior

83 334 163 381 L„
211 339 344 372 trunco
384 347 541 385 procero
581 339 618 371 et
650 334 694 370 ad
725 333 957 385 trigesimum
989 345 1105 383 usque
1135 347 1271 371 annum

86 401 217 448 tereti,
268 402 420 453 pulchro
452 401 641 438 cacumine
672 399 816 437 frondis
847 401 1074 446 concinnae,
1125 407 1272 447 ovatae,

80 469 243 521 jugatae
273 474 312 507 et
341 468 536 520 pendulae,
569 468 614 504 ad
647 467 878 505 altitudinem
910 481 1023 518 saepe
1055 474 1203 506 centum
1236 474 1274 506 et

86 536 247 588 triginta
292 537 424 588 pedum
472 535 645 587 erigitur.
720 536 760 571 ln
800 533 929 574 se'lvi3
967 536 1128 574 nativam
1170 550 1273 575 suam

88 603 396 654 pulchritudinem
434 603 593 648 retinet3
641 602 676 639 in
718 602 842 653 agriS,
887 603 1029 652 pariter
1069 608 1181 653 atque
1219 605 1274 642 ul-

87 683 188 718 mus,
226 672 273 708 ad
312 671 407 709 vites
445 670 655 708 arbustivas
693 675 863 720 putatur,
896 674 934 706 et
964 669 1010 705 ad
1042 683 1180 719 pecora
1210 685 1274 721 pa-

87 738 227 776 scenda
257 739 434 776 tondetur
466 738 534 776 Lb.
568 738 612 783 ll,
652 740 746 776 446.
810 737 907 773 Plin.
938 736 1039 781 xvi,
1073 741 1138 775 24.
1199 737 1275 775 P·-

89 818 172 843 mte
203 805 282 844 sive
307 809 466 854 pinea,
507 806 604 856 apud
637 805 820 841 Linneum
853 804 991 842 Pium
1023 804 1187 851 Pinea,
1222 805 1276 856 pi-

90 885 160 910 nus
191 886 338 923 quoque
369 873 489 910 sativa
520 886 541 910 a
573 872 762 911 veteribus
785 872 990 916 dicebatur,
1023 874 1196 922 quoniam
1229 873 1275 911 ob

90 939 398 990 pulchritudinem
452 952 554 976 suam
604 947 811 989 gratosque
856 952 1033 976 susurros
1078 945 1115 977 et
1162 955 1275 979 nuces

89 1012 245 1059 gustatu
276 1007 484 1059 jucundas,
533 1019 625 1056 quas
659 1008 867 1053 pineolas
907 1008 1127 1057 (pignole)
1161 1009 1276 1046 ltalus

89 1081 212 1121 vocat,
244 1075 280 1112 in
311 1072 452 1112 hortis
483 1074 677 1110 colebatur
709 1074 778 1111 Lb.
807 1074 866 1120 lv,
905 1080 995 1113 112.
1028 1075 1158 1121 Pinus,
1191 1076 1277 1114 Pal-

88 1143 210 1180 ladius
227 1142 264 1194 ²⁹)
306 1142 445 1192 inquit,
494 1141 663 1178 omnibus
700 1142 894 1186 conducit,
940 1156 1035 1192 quae
1066 1143 1165 1181 infra
1195 1158 1275 1182 eam

88 1215 284 1256 seruntur,
316 1217 372 1256 et,
403 1209 671 1259 'l‘hcoplirasto
703 1217 870 1254 auctore,
902 1210 1029 1247 lauros
1059 1224 1207 1262 quoque
1238 1218 1276 1250 et

89 1283 232 1328 myrtos
276 1276 374 1314 infra
404 1289 446 1313 se
477 1276 569 1321 fertg
620 1277 740 1313 Plinio
760 1280 818 1328 θ’)
861 1290 1078 1328 quamquam
1119 1293 1275 1331 gramen

90 1357 250 1383 enecare
294 1344 452 1383 videtur.
512 1343 615 1388 Non,
653 1344 706 1380 uti
740 1344 905 1394 pinaster
936 1345 1120 1384 silvestris
1151 1361 1172 1384 a
1202 1362 1277 1385 me-

90 1412 165 1457 dio,
196 1412 262 1449 sed
294 1411 329 1448 in
361 1411 501 1450 vertice
532 1424 654 1447 ramus
685 1411 870 1462 dispergit
900 1411 1002 1448 soliis
1026 1413 1278 1463 capillamenti

90 1479 198 1517 modo
229 1478 508 1530 praetenuibus,
540 1477 827 1528 semipedalibus
858 1484 896 1516 et
926 1492 1103 1519 mucrone
1129 1483 1281 1520 aculea-

90 1547 139 1585 tis
183 1546 280 1583 Plin.
324 1543 436 1591 XVl,
486 1550 550 1584 16.
611 1547 702 1583 Cum
741 1546 809 1583 hac
848 1546 935 1597 pinu
976 1547 1120 1585 Plinius
1159 1550 1278 1586 minor

89 1614 159 1659 Vl,
204 1618 253 1653 16
298 1611 479 1650 flammam
512 1612 661 1650 Vesuvii
692 1612 860 1658 confert,
902 1627 1015 1663 quae,
1056 1616 1277 1667 longissimo

90 1681 192 1719 velut
232 1686 366 1717 trunco
397 1681 497 1718 elata
528 1680 563 1717 in
595 1680 731 1727 altum,
781 1681 886 1730 quasi
919 1681 1028 1718 ramis
1059 1684 1277 1733 quibusdam

90 1747 379 1785 diffundebatur.
440 1747 546 1786 ovid.
578 1748 669 1784 Met.
701 1747 756 1792 Χ,
795 1752 890 1785 ίΟὸε

180 1818 227 1851 Et
250 1818 421 1850 succincta
447 1828 562 1850 comas
588 1818 784 1860 hirsutaque
810 1817 936 1851 vertice
962 1819 1071 1862 pinus.

92 1880 295 1919 Petronius
331 1886 400 1917 131
437 1893 584 1930 quoque
615 1881 872 1919 diverticulum
904 1895 949 1920 ea
972 1883 1017 1920 ad
1042 1883 1159 1923 rivum
1185 1899 1274 1936 opa-

89 1961 172 1986 cum
202 1951 382 1986 exornat:

224 2034 364 2067 Mobilis
389 2034 533 2067 avstivas
560 2036 715 2078 platanus
739 2035 919 2070 diffuderat
944 2040 1092 2080 umbras,

226 2090 270 2122 Et
294 2090 544 2123 circumtonsus:
569 2091 750 2134 trepidanti
776 2093 903 2125 vertice
930 2093 1040 2135 pinus,

227 2145 272 2178 Et
297 2145 408 2178 baccis
434 2146 592 2179 redimita
616 2148 751 2190 ‹luplme
775 2151 1009 2191 tremulaeque
1033 2160 1226 2192 cupressus.

183 2246 216 2286 ⁰)
265 2246 396 2278 Pallad.
425 2246 507 2287 Ml,
543 2247 582 2287 7,
609 2248 641 2279 9.

159 2291 215 2329 ⁹⁶)
265 2291 352 2322 l'lin.
381 2291 471 2322 XVll
499 2302 526 2322 s.
553 2291 607 2324 18.
