1515 2620
157 153 246 193 134
490 142 693 180 ECLOGA
725 141 792 187 ix,
824 143 1003 180 46—50.

366 251 449 284 Inde
472 250 627 283 Dionaeo
651 247 872 292 praefulgens
894 247 1002 280 Julius
1027 252 1130 281 astro.

157 316 320 354 Ille-esis
350 313 395 350 ab
425 312 566 350 hordeo
597 311 727 362 incipit
755 311 855 349 circa
885 310 980 347 diem
1010 309 1262 356 solstitialem,
1304 317 1342 349 et

157 383 195 419 in
225 380 368 430 reliquo
398 378 586 417 frumento
618 391 685 429 per
715 390 877 415 mensem
910 377 1050 414 Julium
1081 376 1191 413 durat
1220 377 1290 414 Lb.
1313 379 1341 423 l,

159 452 250 486 316.
310 446 473 496 Seges,
528 444 753 482 frumentum
798 448 938 490 satum3
985 443 1064 482 sive
1094 442 1219 493 potius
1248 443 1343 480 anti-

158 513 290 563 quiore
320 516 530 563 potestate,
570 524 666 562 quae
695 511 875 563 agricolis
907 515 989 548 erat
1018 515 1218 555 consueta,
1250 522 1345 562 ager

155 579 342 626 consitus3
385 578 691 629 quemadmodum
722 578 758 614 in
790 577 924 628 priscis
955 576 1124 615 versibus
1153 576 1250 626 apud
1282 575 1344 613 Ci-

154 658 328 683 ceronem
371 643 577 696 (Tu-seul.
611 645 664 689 ΙΙ,
706 642 770 696 5):
809 644 915 681 Etsi
945 651 1135 693 segetem
1164 650 1268 680 snat
1296 645 1343 679 in

156 713 417 749 deteriorem
462 713 595 749 (latae
621 712 814 761 fruges,
856 715 894 747 et
932 709 1030 760 apud
1069 711 1249 747 Catonem
1289 713 1343 748 37

153 785 345 828 eegetem
387 785 639 815 stercorant
663 779 848 828 fruges.
911 777 1089 814 Extremo
1121 789 1247 814 mense
1277 776 1344 813 Ju-

153 844 204 881 lio
235 856 438 894 praecoces
468 857 579 882 uvae
609 844 788 894 paulatim
818 845 1099 890 colorantur,
1135 856 1251 894 prope
1282 856 1343 880 ca-

153 910 306 947 lidiores
349 913 527 957 rupium
564 910 741 961 imprimis
775 914 975 960 parieles
1015 908 1068 960 (v.
1107 910 1155 947 ad
1193 910 1262 948 Lb.
1295 910 1342 956 ΙΙ,

155 977 268 1028 398).
329 976 480 1028 Virgilii
505 977 624 1025 Colla
654 991 689 1015 v.
723 982 772 1015 21
807 977 936 1014 diebus
966 976 1240 1014 canicularibus
1265 978 1343 1028 jam

154 1055 246 1080 uvas
277 1047 443 1080 maturas
473 1043 586 1081 habet
616 1057 697 1081 cum
729 1044 864 1088 moris,
905 1043 1182 1088 cucumeribuS,
1214 1043 1343 1093 prunis

153 1108 293 1155 cereis;
339 1108 558 1146 conferatur
595 1110 801 1147 Columella
832 1122 979 1159 quoque
1010 1109 1056 1146 de
1086 1108 1186 1146 cultu
1217 1110 1344 1146 horto-

152 1189 232 1212 rum
263 1189 297 1214 ν.
330 1181 426 1214 400.
486 1176 666 1214 Ducere
695 1178 905 1222 colorem,
954 1176 999 1213 de
1030 1176 1159 1213 colore
1188 1176 1343 1226 primum

151 1243 456 1288 inlnaerescente‚
494 1243 607 1280 habet
638 1242 793 1281 Ovidius
823 1244 931 1280 Met.
964 1243 1036 1288 ΙΙΙ,
1068 1247 1170 1282 484:

287 1338 332 1343 —
356 1337 400 1343 —-
422 1337 467 1342 —-
490 1322 528 1352 ut
553 1317 657 1352 variis
682 1319 770 1352 solet
794 1330 860 1353 uva
884 1319 1029 1352 racemis

287 1374 421 1407 Ducere
446 1385 656 1418 purpureum
681 1375 832 1408 nondum
856 1378 989 1406 matura
1014 1375 1175 1407 colorem.

152 1441 242 1479 Pari
273 1447 461 1491 potestate
491 1443 685 1481 Juvenalis
716 1444 752 1488 Ι,
796 1449 841 1489 2,
874 1448 924 1482 81
958 1443 1088 1480 scribit
1117 1456 1205 1480 uva
1237 1444 1344 1481 livo-

152 1520 243 1545 rem
281 1510 423 1554 (lucit,
466 1510 564 1559 quod
596 1506 841 1558 (520).1c«527]g
871 1509 1162 1559 interpretatur,
1194 1514 1340 1555 varia,

153 1574 178 1611 i.
211 1587 243 1611 e.
276 1575 503 1621 versicolor,
535 1576 607 1619 sic,-
642 1580 679 1611 et
709 1575 933 1625 Propertius
964 1575 1033 1621 lv,
1076 1580 1120 1621 2,
1168 1581 1237 1621 13,
1268 1590 1343 1614 τά-

151 1644 247 1678 riac
275 1641 509 1678 liventibus
541 1654 628 1677 ‘ema
658 1644 867 1686 racemis,
900 1641 1026 1678 baccis
1058 1642 1243 1679 coerulcis
1273 1656 1344 1681 uva

150 1707 332 1758 pingitur.
403 1708 562 1753 Pirae,
611 1707 804 1744 Palladius
834 1706 937 1752 vm,
978 1713 1015 1744 3.
1048 1708 1122 1753 lx,
1155 1713 1178 1746 6
1210 1708 1343 1759 inquit,

150 1773 268 1810 malus
314 1786 483 1824 quoque,
549 1773 650 1810 «lulio
698 1786 825 1811 mense
866 1775 977 1811 locis
1020 1772 1211 1811 humidis
1261 1789 1343 1813 cum

149 1852 327 1877 successu
371 1843 654 1885 insermeth
712 1840 880 1890 plerique
925 1845 1046 1878 tamen
1102 1854 1228 1879 meuse
1266 1843 1342 1879 Au-

149 1911 263 1957 gusto
317 1906 434 1955 pirum
480 1906 663 1943 inserunt.
742 1907 951 1952 Memento,
999 1907 1116 1944 solum
1169 1909 1342 1946 Mantua-

150 1985 234 2009 num
264 1972 402 2009 Mincio
426 1973 582 2022 palustri
607 1973 737 2024 rigari.
799 1974 895 2010 Cato
925 1986 1072 2024 quoque
1089 1974 1178 2011 XL!
1201 1972 1340 2025 (Plin.

149 2039 275 2084 xvn,
321 2036 392 2090 24)
433 2038 533 2088 piros
574 2044 611 2076 ct
643 2039 759 2076 malos
790 2039 1065 2091 quinquaginta
1096 2041 1225 2077 diebus
1256 2046 1343 2091 post

149 2104 348 2141 solstitium
397 2104 578 2142 aestivum
624 2105 739 2143 inseri
781 2105 903 2156 jubet.
964 2106 1192 2152 Inserere,
1243 2108 1342 2157 quod

149 2171 300 2220 proprie
340 2175 399 2208 est
431 2172 618 2218 plautas
656 2172 824 2209 alicubi
856 2184 1045 2219 ponere,
1093 2173 1245 2211 verbum
1283 2180 1342 2211 est

150 2236 400 2286 agricolarum
439 2236 615 2274 usitatum
658 2238 703 2274 de
741 2238 940 2290 generosis
982 2239 1141 2277 surculis
1175 2252 1222 2277 cx
1254 2240 1338 2277 aliis
