1515 2620
483 174 687 212 ECLOGA
720 174 816 221 VIII,
850 178 914 213 21.
1215 182 1296 220 11⁷

110 299 188 325 rem
224 284 410 324 orationis
452 286 624 337 poeticae
661 286 709 323 ad
739 298 949 324 sermonem
979 298 1098 337 usque
1129 285 1298 338 vulgaris

109 352 391 392 consuetudinis
435 352 552 392 velint
588 352 807 403 deprimere.
867 354 1011 391 Poetae
1049 352 1198 391 canenti
1235 366 1296 390 so·

109 421 189 458 cius
219 420 368 458 additus
398 424 469 465 est,
500 419 562 469 qui
591 419 764 471 singulos
794 432 938 465 versus,
971 421 1007 457 in
1032 421 1160 458 ultimo
1181 419 1296 459 verbo

110 487 338 539 suscipiens,
384 487 539 537 repetit,
579 485 862 523 confirmatione
900 501 1013 538 saepe
1053 487 1296 525 intercalata:

105 557 331 603 profecto,
377 557 576 605 inquam,
623 567 725 591 vere
766 555 961 592 dictum!
1007 556 1156 592 Interea
1187 559 1299 605 poe'ta

112 635 246 661 novum
295 634 443 660 versum
489 624 779 667 commentatur,
827 634 899 670 quo
941 621 1033 658 socii
1073 627 1298 671 postremum

111 689 265 728 verbum
296 688 449 738 excipit.
508 688 625 725 Ambo
649 687 804 725 invicem
832 692 896 724 aut
919 687 1082 738 oppositi
1101 693 1166 724 aut
1183 702 1298 738 prope

112 756 257 804 sedent,
289 756 455 808 genibus*
481 768 523 793 se
553 760 757 807 tangentes
788 759 826 792 ct
856 768 965 792 manu
996 759 1183 805 correpta,
1215 755 1300 792 dum

113 837 250 875 corpus
280 823 436 862 invicem
467 836 622 874 prorsus
653 827 821 867 motant,
856 823 958 860 vultu
991 835 1124 860 severo
1156 827 1194 859 et
1225 834 1299 859 me-

113 892 269 929 ditante.
330 891 474 928 Cantus
504 891 697 927 admodum
729 890 887 939 simplex
919 894 995 935 est3
1028 894 1065 926 et
1088 888 1181 927 fides
1208 903 1299 926 non-

112 970 310 1008 numquam
350 960 487 1008 poetae
517 969 584 1006 pro
616 956 720 993 socio
752 960 851 993 sunt.
883 978 938 983 —
969 956 1150 993 Damonis
1180 956 1301 1008 igitur

113 1026 206 1064 haec
255 1028 313 1063 est
358 1023 567 1062 sententia:
635 1022 812 1060 Carmina
860 1022 972 1069 mihi,
1033 1037 1114 1060 mea
1170 1023 1297 1069 tibia,

113 1093 257 1144 aspira,
289 1090 415 1142 qualia
444 1091 482 1128 in
512 1091 723 1128 Maenala
755 1090 939 1127 Arcadico
971 1091 1183 1128 audiuntur.
1242 1090 1301 1128 De

112 1161 265 1198 laudata
302 1158 488 1196 Arcadum
526 1163 608 1195 arte
647 1157 786 1195 musica
824 1171 937 1208 supra
971 1158 1055 1203 vn,
1109 1162 1132 1195 4
1165 1157 1301 1195 dictum

113 1232 184 1266 est.
262 1226 411 1272 Tibia,
460 1226 604 1264 arundo
650 1226 847 1262 multorum
893 1224 1134 1270 foraminum,
1183 1237 1300 1262 cornu

114 1294 352 1339 continuata,
389 1292 510 1330 nostri
540 1292 713 1330 liautbois
744 1292 883 1340 instar,
916 1289 1040 1338 αὐλὸς
1072 1293 1218 1329 Graece
1248 1291 1303 1329 di-

113 1367 214 1408 ctus,
245 1374 407 1413 peregre
437 1373 515 1398 rem
545 1364 692 1413 gestam
724 1374 798 1397 non
830 1359 950 1396 minus
981 1360 1160 1404 declarat,
1193 1372 1300 1409 quam

113 1431 205 1481 lynx
236 1443 270 1469 v.
304 1435 326 1468 3
359 1432 398 1466 ct
423 1428 519 1465 Oeta
549 1428 594 1465 ab
619 1428 772 1464 Oriente
795 1426 934 1464 ass'inis.
994 1426 1174 1463 Romanis
1191 1425 1301 1471 enim,

114 1510 223 1549 quum
253 1500 335 1534 arte
366 1495 533 1545 expolita
563 1498 677 1540 esset,
709 1498 843 1532 cavata
875 1507 922 1531 ex
941 1506 1026 1531 osse
1045 1492 1193 1531 asinino
1213 1490 1300 1543 (uu-

114 1565 161 1603 dc
198 1564 336 1602 tibiae
373 1575 522 1613 quoque
560 1562 584 1599 i.
624 1575 656 1599 e.
697 1561 817 1599 cruris
848 1559 1000 1612 nomen)
1033 1565 1097 1597 aut
1129 1573 1177 1597 ex
1208 1560 1299 1607 loto,

114 1633 236 1678 buxo,
275 1631 474 1682 elephanto
506 1634 544 1667 ct
572 1630 753 1676 metallis,
800 1628 931 1665 crebro
964 1628 999 1664 in
1032 1628 1208 1673 theatris,
1254 1627 1301 1664 ad

115 1698 302 1739 sacrificia
331 1703 369 1736 et
399 1699 527 1748 epulas
558 1697 705 1748 quidem
736 1696 914 1741 sonabat3
949 1694 1152 1745 pastoriam
1177 1699 1300 1732 autem

115 1767 214 1805 inter
254 1765 520 1816 supellectilem
558 1778 699 1802 cannas
738 1768 879 1800 tantum
917 1763 1092 1799 habemus
1123 1762 1301 1799 stridulus

115 1834 226 1872 unius
255 1832 449 1871 arundinis
481 1837 518 1869 et
547 1830 693 1868 listulas
725 1830 881 1881 plurium
914 1830 1158 1875 calamorum,
1198 1842 1301 1866 num-

116 1914 224 1952 quam
266 1899 396 1936 tibias:
445 1898 631 1948 quamvis,
678 1898 855 1934 Lucretio
894 1902 1048 1934 aiictore
1085 1897 1134 1942 V,
1181 1902 1300 1942 1384,

116 1969 216 2007 inter
255 1967 440 2012 rusticos,
480 1968 648 2003 Graecos
686 1965 800 2011 dicit,
848 1965 938 2001 tibia
970 1965 1121 2003 inventa
1150 1965 1217 2008 sit,
1263 1969 1302 2002 ct

117 2041 304 2074 nocturno
350 2034 500 2071 silentio
546 2033 765 2070 chordarum
810 2046 925 2069 sonos
972 2031 1244 2069 all'irnmvcriut
1279 2044 1303 2069 a

118 2104 267 2154 Satyris
298 2102 403 2147 ficri,
436 2115 458 2138 a
490 2101 665 2152 Nymphis
696 2105 733 2137 et
763 2114 784 2137 a
817 2099 956 2136 Faunis
988 2100 1052 2136 IV.
1086 2104 1186 2138 588:

253 2198 295 2203 --
342 2198 385 2202 -
434 2197 476 2202 --
524 2177 722 2219 ‹lulccisqnc
747 2177 917 2220 querelas,

253 2235 356 2268 Tibia
380 2246 464 2280 quas
489 2234 618 2275 sowlit,
651 2233 787 2275 digiteis
813 2234 944 2275 pulsata
969 2236 1163 2266 caumana.

121 2309 264 2344 Contra
293 2304 493 2344 'I'lieocriti
525 2304 702 2341 bubulcus
735 2302 828 2347 XX,
871 2307 922 2341 '28
954 2300 1063 2339 aliter
1093 2315 1133 2338 se
1159 2302 1299 2352 jactat:
