1515 2620
189 164 276 204 17ss
522 154 726 193 ECLOGA
757 155 824 202 lX,
857 159 1034 197 35—36.

187 275 265 309 tum
303 269 486 307 olorinum
528 280 636 304 nemo
666 267 835 317 Lycidae
866 268 1017 318 assequi
1047 282 1159 319 posse
1187 271 1372 310 videatur.

187 338 308 375 varus
338 340 481 381 autem,
513 334 571 371 vir
601 335 771 372 militaris
803 340 841 373 et
870 336 1124 386 philosophus,
1156 350 1275 388 neque
1304 340 1374 377 hac

185 404 223 441 in
254 403 410 455 ecloga,
449 415 570 452 neque
601 402 637 438 in
669 407 798 448 sexta,
839 416 953 453 quae,
985 403 1103 453 ipsius
1134 416 1243 454 quum
1273 405 1372 443 laudi

185 471 310 508 dicata
349 470 416 515 sit,
462 469 561 507 Galli
599 483 748 507 carmen
781 469 910 516 effert,
950 470 1057 520 quasi
1087 475 1200 521 poe'ta
1230 471 1374 510 demum

184 551 232 575 ne
281 536 519 589 significatur
565 537 724 587 quidem.
794 537 851 574 L.
903 537 1061 577 Varius
1099 551 1209 584 vero,
1252 552 1373 589 quem,

184 605 327 656 epicum
359 608 528 655 poetam,
567 604 706 642 amicus
737 604 936 650 Horatius,
975 605 1179 657 tragicum,
1226 605 1374 647 Quinti-

182 672 306 710 lianus
337 672 560 718 admiratur,
603 671 674 708 nisi
705 672 946 722 interpretem
979 671 1088 709 istum
1120 673 1373 724 Cruquianum

184 740 310 791 opinio
341 738 497 784 fefellit,
539 739 704 790 eclogis,
736 739 878 789 pariter
908 744 1021 789 atque
1052 740 1253 793 Virgilius,
1284 745 1374 779 ante

183 807 348 845 carmina
390 805 607 842 sublimiora
644 806 798 843 luserat.
859 807 936 843 Has
975 806 1092 859 igitur
1130 806 1210 844 fere
1249 806 1374 858 impri-

183 874 252 911 mis
289 873 453 923 Lycidas
484 872 755 925 designaverit.
816 873 966 910 Certius
997 879 1074 920 est,
1114 874 1264 912 Varium
1297 879 1371 911 tum

183 943 363 992 temporis
410 953 559 979 carmen
608 940 780 978 versibus
826 941 1056 978 hexametris
1101 941 1371 993 composuisse,

181 1009 282 1046 unde
319 1007 534 1046 Macrobius
571 1007 668 1045 Sat.
704 1007 773 1053 Vl,
820 1013 861 1054 1,
909 1012 930 1045 2
963 1008 1068 1045 locos
1099 1015 1259 1058 quatuor
1289 1008 1371 1046 exi-

181 1075 276 1113 mios
306 1075 435 1121 affert,
480 1088 574 1125 quos
605 1075 737 1125 partim
769 1079 902 1125 postea
931 1075 1113 1126 Virgilius
1143 1075 1370 1122 imitabatur,

181 1142 316 1194 partim
355 1142 527 1193 proximo
568 1147 750 1192 sequente
789 1154 888 1178 auno
927 1141 1101 1178 Dccxv
1133 1141 1169 1178 in
1201 1147 1370 1180 octavam

181 1211 353 1262 eclogam
391 1223 426 1248 v.
466 1214 518 1248 88
558 1208 774 1260 recipiebat.
850 1209 1063 1246 Secundum
1102 1208 1272 1254 titulum,
1319 1211 1372 1249 (le

179 1286 333 1323 morte,
373 1282 412 1314 et
447 1276 686 1327 reliquiarum
725 1282 950 1328 argumenta
989 1276 1113 1314 civilia
1148 1289 1297 1314 carmen
1329 1277 1372 1314 il-

179 1345 243 1383 lud
282 1345 328 1382 ad
359 1344 449 1382 Julii
482 1344 660 1382 Caesaris
691 1357 819 1382 necem
851 1343 1078 1395 pertinuisse
1107 1343 1268 1382 videtur.
1301 1345 1372 1382 Va-

179 1412 227 1449 rii
264 1417 431 1449 maturus
470 1412 506 1449 in
548 1412 803 1449 Caesarianos
834 1425 939 1449 amor
969 1425 1018 1449 ex
1049 1424 1095 1449 eo
1126 1417 1165 1449 et
1194 1411 1276 1463 ipso
1306 1426 1371 1463 ap·

181 1483 303 1529 paret,
335 1478 433 1529 quod
464 1478 567 1516 brevi
599 1484 685 1528 post
716 1493 881 1530 pugnam
913 1479 1191 1529 Philippensem
1224 1479 1371 1517 Maece-

181 1546 260 1583 nati
298 1546 343 1582 ab
383 1558 428 1582 eo
468 1545 646 1582 Horatius
685 1544 842 1595 (Serm.
873 1546 910 1590 1,
943 1551 980 1591 6,
1014 1550 1085 1596 55¹)
1118 1552 1156 1582 et
1187 1546 1371 1597 Virgilius

180 1612 429 1651 commendati
459 1617 559 1648 sunt.
620 1612 812 1649 llelm'us
845 1613 1001 1657 Cinna,
1036 1612 1118 1663 Caji
1150 1613 1207 1650 vel
1239 1614 1371 1655 Quinti

178 1679 441 1731 praenomine,
492 1679 641 1716 Catullo
684 1679 844 1724 amicus,
890 1678 1072 1730 poelmatis
1110 1681 1302 1717 ainatoriis
1333 1687 1371 1719 et

179 1747 479 1799 epigrammatis,
528 1746 705 1797 imprimis
753 1752 876 1784 autem
917 1749 1077 1795 Smyrna
1115 1760 1183 1784 sua
1223 1748 1371 1786 celeber

177 1814 301 1852 factus
350 1820 452 1860 erat,
500 1814 663 1852 carmine
710 1814 756 1851 ad
794 1813 1062 1850 obscuritatem
1101 1827 1219 1864 usque
1256 1815 1369 1853 docto

177 1882 349 1921 versibus
380 1882 628 1927 hexametris,
669 1882 788 1932 quod,
828 1894 1046 1931 quamquam
1078 1881 1258 1919 modicum
1289 1882 1369 1919 lon-

179 1950 371 2002 gitudine,
417 1963 484 2000 per
533 1962 664 1987 novem
716 1949 890 2001 integros
935 1961 1054 1985 annos
1094 1949 1368 1988 elaboraverat.

178 2017 338 2055 Veteres
370 2016 612 2054 Grammatici
644 2030 717 2053 non
751 2017 832 2054 sine
864 2015 1185 2054 verisimilitudine
1216 2030 1367 2055 asseve-

180 2090 284 2131 rant,
317 2085 362 2122 ad
394 2084 627 2136 diligentiam
659 2084 753 2121 hanc
785 2084 945 2121 nondum
977 2089 1052 2120 tum
1085 2086 1261 2134 temporis
1293 2084 1368 2121 usi-

179 2157 294 2190 tatam
335 2153 530 2189 Horatium
562 2151 598 2188 in
630 2151 724 2197 isto,
763 2165 921 2189 nonum
946 2159 1181 2198 prematur
1212 2155 1257 2189 in
1288 2166 1366 2189 au-

178 2234 300 2266 num,
345 2219 574 2270 respexisse.
634 2220 681 2255 Et
719 2219 924 2256 Suetonius
965 2217 1103 2264 refert,
1144 2219 1365 2256 Crassitium

180 2288 468 2325 Grammaticum
507 2287 774 2325 commentario
803 2300 872 2324 suo
904 2286 939 2323 in
972 2288 1167 2335 Smyrnam
1199 2299 1279 2324 eam
1310 2285 1365 2323 sa-
