<?xml version="1.0" encoding="UTF-8"?>
<!DOCTYPE html PUBLIC "-//W3C//DTD XHTML 1.0 Transitional//EN"
    "http://www.w3.org/TR/xhtml1/DTD/xhtml1-transitional.dtd">
<html xmlns="http://www.w3.org/1999/xhtml" xml:lang="en" lang="en">
 <head>
  <title>
</title>
<meta http-equiv="Content-Type" content="text/html;charset=utf-8" />
  <meta name='ocr-system' content='tesseract 3.04.00' />
  <meta name='ocr-capabilities' content='ocr_page ocr_carea ocr_par ocr_line ocrx_word'/>
</head>
<body>
  <div class='ocr_page' id='page_1' title='image "./eclogaevix00virguoft_0026.png"; bbox 0 0 1472 2620; ppageno 0'>
   <div class='ocr_carea' id='block_1_1' title="bbox 209 127 1064 173">
    <p class='ocr_par' dir='ltr' id='par_1_1' title="bbox 209 127 1064 173">
     <span class='ocr_line' id='line_1_1' title="bbox 209 127 1064 173; baseline 0.002 -9"><span class='ocrx_word' id='word_1_1' title='bbox 209 132 267 173; x_wconf 80' lang='lat'><strong>20</strong></span> <span class='ocrx_word' id='word_1_2' title='bbox 523 127 723 165; x_wconf 81' lang='lat' dir='ltr'><strong>ECLOGA</strong></span> <span class='ocrx_word' id='word_1_3' title='bbox 753 127 814 165; x_wconf 80' lang='lat' dir='ltr'><strong>Vl.</strong></span> <span class='ocrx_word' id='word_1_4' title='bbox 873 132 1064 168; x_wconf 79' lang='lat'><strong>23—30.</strong></span> 
     </span>
    </p>
   </div>
   <div class='ocr_carea' id='block_1_2' title="bbox 297 236 1169 335">
    <p class='ocr_par' dir='ltr' id='par_1_2' title="bbox 297 236 1169 335">
     <span class='ocr_line' id='line_1_2' title="bbox 297 236 1169 280; baseline 0.001 -10"><span class='ocrx_word' id='word_1_5' title='bbox 297 237 383 270; x_wconf 89' lang='lat' dir='ltr'>Sunt</span> <span class='ocrx_word' id='word_1_6' title='bbox 406 241 439 270; x_wconf 89' lang='lat' dir='ltr'><strong>et</strong></span> <span class='ocrx_word' id='word_1_7' title='bbox 462 247 556 269; x_wconf 76' lang='lat' dir='ltr'><strong>mora</strong></span> <span class='ocrx_word' id='word_1_8' title='bbox 580 239 717 270; x_wconf 83' lang='lat' dir='ltr'><strong>cruenta</strong></span> <span class='ocrx_word' id='word_1_9' title='bbox 740 240 773 270; x_wconf 90' lang='lat' dir='ltr'><strong>et</strong></span> <span class='ocrx_word' id='word_1_10' title='bbox 797 236 895 269; x_wconf 88' lang='lat' dir='ltr'><strong>lentis</strong></span> <span class='ocrx_word' id='word_1_11' title='bbox 921 248 984 269; x_wconf 82' lang='lat' dir='ltr'><strong>uva</strong></span> <span class='ocrx_word' id='word_1_12' title='bbox 1008 237 1169 280; x_wconf 75' lang='lat' dir='ltr'><strong>racemis,</strong></span> 
     </span>
     <span class='ocr_line' id='line_1_3' title="bbox 406 292 1102 335; baseline -0.001 -10"><span class='ocrx_word' id='word_1_13' title='bbox 406 293 449 325; x_wconf 77' lang='lat' dir='ltr'><strong>Et</strong></span> <span class='ocrx_word' id='word_1_14' title='bbox 473 292 597 335; x_wconf 84' lang='lat' dir='ltr'><strong>pendet</strong></span> <span class='ocrx_word' id='word_1_15' title='bbox 616 292 720 333; x_wconf 88' lang='lat' dir='ltr'><strong>junco</strong></span> <span class='ocrx_word' id='word_1_16' title='bbox 744 295 917 326; x_wconf 81' lang='lat' dir='ltr'><strong>caeruleus</strong></span> <span class='ocrx_word' id='word_1_17' title='bbox 942 292 1102 325; x_wconf 89' lang='lat' dir='ltr'>cucumis.</span> 
     </span>
    </p>
   </div>
   <div class='ocr_carea' id='block_1_3' title="bbox 193 360 1365 1339">
    <p class='ocr_par' dir='ltr' id='par_1_3' title="bbox 203 360 1365 682">
     <span class='ocr_line' id='line_1_4' title="bbox 207 360 1363 412; baseline 0 -13"><span class='ocrx_word' id='word_1_18' title='bbox 207 360 464 412; x_wconf 76' lang='lat' dir='ltr'><strong>Sangninea</strong></span> <span class='ocrx_word' id='word_1_19' title='bbox 502 374 567 411; x_wconf 89' lang='lat' dir='ltr'><strong>pro</strong></span> <span class='ocrx_word' id='word_1_20' title='bbox 605 361 731 406; x_wconf 87' lang='lat' dir='ltr'><strong>rubra,</strong></span> <span class='ocrx_word' id='word_1_21' title='bbox 773 363 899 412; x_wconf 81' lang='lat' dir='ltr'><strong>quales</strong></span> <span class='ocrx_word' id='word_1_22' title='bbox 930 362 1024 399; x_wconf 89' lang='lat' dir='ltr'><strong>ebuli</strong></span> <span class='ocrx_word' id='word_1_23' title='bbox 1055 361 1187 398; x_wconf 83' lang='lat' dir='ltr'><strong>baccae</strong></span> <span class='ocrx_word' id='word_1_24' title='bbox 1217 361 1265 408; x_wconf 76' lang='lat' dir='ltr'><strong>X,</strong></span> <span class='ocrx_word' id='word_1_25' title='bbox 1299 368 1363 401; x_wconf 84' lang='lat'><strong>27.</strong></span> 
     </span>
     <span class='ocr_line' id='line_1_5' title="bbox 206 428 1364 480; baseline -0.006 -14"><span class='ocrx_word' id='word_1_26' title='bbox 206 435 243 466; x_wconf 89' lang='lat' dir='ltr'><strong>et</strong></span> <span class='ocrx_word' id='word_1_27' title='bbox 275 428 380 477; x_wconf 82' lang='lat' dir='ltr'><strong>myrti</strong></span> <span class='ocrx_word' id='word_1_28' title='bbox 411 428 574 480; x_wconf 82' lang='lat' dir='ltr'><strong>agrestis</strong></span> <span class='ocrx_word' id='word_1_29' title='bbox 604 428 671 465; x_wconf 76' lang='lat' dir='ltr'><strong>Lb.</strong></span> <span class='ocrx_word' id='word_1_30' title='bbox 705 429 730 474; x_wconf 87' lang='lat' dir='ltr'><strong>l,</strong></span> <span class='ocrx_word' id='word_1_31' title='bbox 762 435 852 475; x_wconf 79' lang='lat'><strong>306,</strong></span> <span class='ocrx_word' id='word_1_32' title='bbox 884 430 927 465; x_wconf 89' lang='lat' dir='ltr'><strong>ad</strong></span> <span class='ocrx_word' id='word_1_33' title='bbox 959 429 1152 478; x_wconf 78' lang='lat' dir='ltr'><strong>Pyramum</strong></span> <span class='ocrx_word' id='word_1_34' title='bbox 1185 434 1222 465; x_wconf 89' lang='lat' dir='ltr'><strong>et</strong></span> <span class='ocrx_word' id='word_1_35' title='bbox 1251 429 1364 466; x_wconf 80' lang='lat' dir='ltr'><strong>This-</strong></span> 
     </span>
     <span class='ocr_line' id='line_1_6' title="bbox 205 495 1365 546; baseline -0.002 -12"><span class='ocrx_word' id='word_1_36' title='bbox 205 497 273 534; x_wconf 89' lang='lat' dir='ltr'><strong>ben</strong></span> <span class='ocrx_word' id='word_1_37' title='bbox 300 495 385 532; x_wconf 86' lang='lat' dir='ltr'><strong>nihil</strong></span> <span class='ocrx_word' id='word_1_38' title='bbox 414 495 448 532; x_wconf 91' lang='lat' dir='ltr'><strong>id</strong></span> <span class='ocrx_word' id='word_1_39' title='bbox 471 495 681 546; x_wconf 67' lang='lat' dir='ltr'><strong>respiciens</strong></span> <span class='ocrx_word' id='word_1_40' title='bbox 750 497 856 534; x_wconf 81' lang='lat' dir='ltr'><strong>Mora</strong></span> <span class='ocrx_word' id='word_1_41' title='bbox 873 497 991 533; x_wconf 71' lang='lat' dir='ltr'><em>Mori</em></span> <span class='ocrx_word' id='word_1_42' title='bbox 1007 499 1165 545; x_wconf 74' lang='lat' dir='ltr'><strong>nigrae</strong></span> <span class='ocrx_word' id='word_1_43' title='bbox 1182 495 1237 532; x_wconf 88' lang='lat' dir='ltr'><strong>L.</strong></span> <span class='ocrx_word' id='word_1_44' title='bbox 1256 495 1365 532; x_wconf 83' lang='lat' dir='ltr'><strong>terris</strong></span> 
     </span>
     <span class='ocr_line' id='line_1_7' title="bbox 204 562 1364 614; baseline 0 -14"><span class='ocrx_word' id='word_1_45' title='bbox 204 563 443 614; x_wconf 84' lang='lat' dir='ltr'><strong>tepidioribus</strong></span> <span class='ocrx_word' id='word_1_46' title='bbox 474 576 580 613; x_wconf 87' lang='lat' dir='ltr'><strong>quum</strong></span> <span class='ocrx_word' id='word_1_47' title='bbox 611 576 677 600; x_wconf 87' lang='lat' dir='ltr'><strong>sua</strong></span> <span class='ocrx_word' id='word_1_48' title='bbox 706 572 838 614; x_wconf 88' lang='lat' dir='ltr'><strong>sponte</strong></span> <span class='ocrx_word' id='word_1_49' title='bbox 869 570 1057 608; x_wconf 82' lang='lat' dir='ltr'><strong>crescant,</strong></span> <span class='ocrx_word' id='word_1_50' title='bbox 1094 577 1214 600; x_wconf 81' lang='lat' dir='ltr'><strong>mora</strong></span> <span class='ocrx_word' id='word_1_51' title='bbox 1244 562 1364 600; x_wconf 75' lang='lat' dir='ltr'><em>Rubi</em></span> 
     </span>
     <span class='ocr_line' id='line_1_8' title="bbox 203 629 1362 682; baseline -0.003 -14"><span class='ocrx_word' id='word_1_52' title='bbox 203 629 345 682; x_wconf 77' lang='lat' dir='ltr'><strong>(Nicias</strong></span> <span class='ocrx_word' id='word_1_53' title='bbox 361 631 407 668; x_wconf 82' lang='lat' dir='ltr'><strong>ad</strong></span> <span class='ocrx_word' id='word_1_54' title='bbox 439 632 606 680; x_wconf 78' lang='lat' dir='ltr'><strong>Geopon.</strong></span> <span class='ocrx_word' id='word_1_55' title='bbox 640 631 682 676; x_wconf 66' lang='lat' dir='ltr'><strong>Y,</strong></span> <span class='ocrx_word' id='word_1_56' title='bbox 716 633 798 680; x_wconf 77' lang='lat'><strong>44.)</strong></span> <span class='ocrx_word' id='word_1_57' title='bbox 831 631 1040 682; x_wconf 73' lang='lat' dir='ltr'><strong>intelligere</strong></span> <span class='ocrx_word' id='word_1_58' title='bbox 1070 644 1141 668; x_wconf 92' lang='lat' dir='ltr'><strong>non</strong></span> <span class='ocrx_word' id='word_1_59' title='bbox 1173 643 1263 680; x_wconf 83' lang='lat' dir='ltr'><strong>opus</strong></span> <span class='ocrx_word' id='word_1_60' title='bbox 1294 636 1362 667; x_wconf 87' lang='lat' dir='ltr'><strong>est.</strong></span> 
     </span>
    </p>

    <p class='ocr_par' dir='ltr' id='par_1_4' title="bbox 193 698 1363 1339">
     <span class='ocr_line' id='line_1_9' title="bbox 313 698 1362 750; baseline -0.002 -14"><span class='ocrx_word' id='word_1_61' title='bbox 313 702 502 736; x_wconf 77' lang='lat'><strong>23—26.</strong></span> <span class='ocrx_word' id='word_1_62' title='bbox 562 698 695 735; x_wconf 79' lang='lat' dir='ltr'><strong>Suavis</strong></span> <span class='ocrx_word' id='word_1_63' title='bbox 734 711 868 743; x_wconf 80' lang='lat' dir='ltr'><strong>senex,</strong></span> <span class='ocrx_word' id='word_1_64' title='bbox 911 698 969 735; x_wconf 87' lang='lat' dir='ltr'><strong>cui</strong></span> <span class='ocrx_word' id='word_1_65' title='bbox 1006 698 1143 750; x_wconf 79' lang='lat' dir='ltr'><strong>Aegles</strong></span> <span class='ocrx_word' id='word_1_66' title='bbox 1184 704 1362 735; x_wconf 76' lang='lat' dir='ltr'>venustae</span> 
     </span>
     <span class='ocr_line' id='line_1_10' title="bbox 199 764 1363 814; baseline -0.002 -12"><span class='ocrx_word' id='word_1_67' title='bbox 199 764 338 803; x_wconf 78' lang='lat' dir='ltr'><strong>lasciva</strong></span> <span class='ocrx_word' id='word_1_68' title='bbox 367 764 570 814; x_wconf 76' lang='lat' dir='ltr'><strong>petulantia</strong></span> <span class='ocrx_word' id='word_1_69' title='bbox 601 778 672 800; x_wconf 90' lang='lat' dir='ltr'><strong>non</strong></span> <span class='ocrx_word' id='word_1_70' title='bbox 704 765 848 801; x_wconf 89' lang='lat' dir='ltr'><strong>minime</strong></span> <span class='ocrx_word' id='word_1_71' title='bbox 878 764 1033 810; x_wconf 84' lang='lat' dir='ltr'><strong>arridet,</strong></span> <span class='ocrx_word' id='word_1_72' title='bbox 1065 765 1159 802; x_wconf 86' lang='lat' dir='ltr'><strong>ridet</strong></span> <span class='ocrx_word' id='word_1_73' title='bbox 1176 766 1219 801; x_wconf 90' lang='lat' dir='ltr'><strong>de</strong></span> <span class='ocrx_word' id='word_1_74' title='bbox 1238 771 1363 814; x_wconf 82' lang='lat' dir='ltr'><strong>captu-</strong></span> 
     </span>
     <span class='ocr_line' id='line_1_11' title="bbox 198 831 1361 880; baseline 0 -12"><span class='ocrx_word' id='word_1_75' title='bbox 198 845 262 877; x_wconf 83' lang='lat' dir='ltr'><strong>ra,</strong></span> <span class='ocrx_word' id='word_1_76' title='bbox 309 838 346 869; x_wconf 89' lang='lat' dir='ltr'><strong>et</strong></span> <span class='ocrx_word' id='word_1_77' title='bbox 383 831 596 880; x_wconf 69' lang='lat' dir='ltr'><strong>Satyriscos</strong></span> <span class='ocrx_word' id='word_1_78' title='bbox 635 831 761 868; x_wconf 89' lang='lat' dir='ltr'><strong>sedulo</strong></span> <span class='ocrx_word' id='word_1_79' title='bbox 792 832 899 869; x_wconf 89' lang='lat' dir='ltr'><strong>etiam</strong></span> <span class='ocrx_word' id='word_1_80' title='bbox 930 845 1026 869; x_wconf 91' lang='lat' dir='ltr'><strong>nunc</strong></span> <span class='ocrx_word' id='word_1_81' title='bbox 1052 832 1254 870; x_wconf 70' lang='lat' dir='ltr'><strong>vincientes</strong></span> <span class='ocrx_word' id='word_1_82' title='bbox 1279 831 1361 868; x_wconf 85' lang='lat' dir='ltr'><strong>hor-</strong></span> 
     </span>
     <span class='ocr_line' id='line_1_12' title="bbox 197 898 1361 948; baseline -0.002 -11"><span class='ocrx_word' id='word_1_83' title='bbox 197 903 315 944; x_wconf 84' lang='lat' dir='ltr'><strong>tatur,</strong></span> <span class='ocrx_word' id='word_1_84' title='bbox 361 903 401 935; x_wconf 88' lang='lat' dir='ltr'><strong>ut</strong></span> <span class='ocrx_word' id='word_1_85' title='bbox 439 898 595 947; x_wconf 86' lang='lat' dir='ltr'><strong>denique</strong></span> <span class='ocrx_word' id='word_1_86' title='bbox 633 898 797 943; x_wconf 78' lang='lat' dir='ltr'><strong>solvant3</strong></span> <span class='ocrx_word' id='word_1_87' title='bbox 842 899 949 935; x_wconf 87' lang='lat' dir='ltr'><strong>etiam</strong></span> <span class='ocrx_word' id='word_1_88' title='bbox 986 899 1039 936; x_wconf 87' lang='lat' dir='ltr'><strong>sic</strong></span> <span class='ocrx_word' id='word_1_89' title='bbox 1069 912 1109 935; x_wconf 84' lang='lat' dir='ltr'><strong>se</strong></span> <span class='ocrx_word' id='word_1_90' title='bbox 1141 898 1361 948; x_wconf 74' lang='lat' dir='ltr'><strong>perspicere,</strong></span> 
     </span>
     <span class='ocr_line' id='line_1_13' title="bbox 196 964 1361 1016; baseline 0 -14"><span class='ocrx_word' id='word_1_91' title='bbox 196 966 281 1016; x_wconf 92' lang='lat' dir='ltr'><strong>quid</strong></span> <span class='ocrx_word' id='word_1_92' title='bbox 312 964 415 1015; x_wconf 86' lang='lat' dir='ltr'><strong>pueri</strong></span> <span class='ocrx_word' id='word_1_93' title='bbox 445 965 604 1003; x_wconf 87' lang='lat' dir='ltr'><strong>valeant.</strong></span> <span class='ocrx_word' id='word_1_94' title='bbox 665 964 808 1002; x_wconf 68' lang='lat' dir='ltr'><strong>Vidisse</strong></span> <span class='ocrx_word' id='word_1_95' title='bbox 835 965 926 1002; x_wconf 90' lang='lat' dir='ltr'><strong>satis</strong></span> <span class='ocrx_word' id='word_1_96' title='bbox 950 972 1017 1010; x_wconf 86' lang='lat' dir='ltr'><strong>est,</strong></span> <span class='ocrx_word' id='word_1_97' title='bbox 1051 965 1210 1002; x_wconf 86' lang='lat' dir='ltr'><strong>futurum</strong></span> <span class='ocrx_word' id='word_1_98' title='bbox 1235 965 1361 1010; x_wconf 85' lang='lat' dir='ltr'><strong>fuisse,</strong></span> 
     </span>
     <span class='ocr_line' id='line_1_14' title="bbox 195 1031 1361 1083; baseline 0 -13"><span class='ocrx_word' id='word_1_99' title='bbox 195 1037 235 1070; x_wconf 90' lang='lat' dir='ltr'><strong>ut</strong></span> <span class='ocrx_word' id='word_1_100' title='bbox 274 1045 339 1071; x_wconf 82' lang='lat' dir='ltr'><strong>vos</strong></span> <span class='ocrx_word' id='word_1_101' title='bbox 375 1033 551 1082; x_wconf 88' lang='lat' dir='ltr'><strong>possetis!</strong></span> <span class='ocrx_word' id='word_1_102' title='bbox 611 1031 798 1077; x_wconf 73' lang='lat' dir='ltr'><strong>Pueros,</strong></span> <span class='ocrx_word' id='word_1_103' title='bbox 839 1033 997 1083; x_wconf 74' lang='lat' dir='ltr'><strong>juvenes</strong></span> <span class='ocrx_word' id='word_1_104' title='bbox 1044 1034 1199 1082; x_wconf 70' lang='lat' dir='ltr'><strong>Satyros</strong></span> <span class='ocrx_word' id='word_1_105' title='bbox 1241 1032 1361 1083; x_wconf 85' lang='lat' dir='ltr'><strong>lepide</strong></span> 
     </span>
     <span class='ocr_line' id='line_1_15' title="bbox 193 1098 1362 1150; baseline -0.001 -13"><span class='ocrx_word' id='word_1_106' title='bbox 193 1099 301 1145; x_wconf 86' lang='lat' dir='ltr'><strong>dicit,</strong></span> <span class='ocrx_word' id='word_1_107' title='bbox 342 1100 424 1136; x_wconf 92' lang='lat' dir='ltr'><strong>dum</strong></span> <span class='ocrx_word' id='word_1_108' title='bbox 460 1098 557 1136; x_wconf 87' lang='lat' dir='ltr'><strong>forte</strong></span> <span class='ocrx_word' id='word_1_109' title='bbox 597 1098 733 1135; x_wconf 83' lang='lat' dir='ltr'><strong>factum</strong></span> <span class='ocrx_word' id='word_1_110' title='bbox 775 1113 920 1144; x_wconf 86' lang='lat' dir='ltr'><strong>eorum,</strong></span> <span class='ocrx_word' id='word_1_111' title='bbox 965 1100 1060 1150; x_wconf 90' lang='lat' dir='ltr'><strong>quod</strong></span> <span class='ocrx_word' id='word_1_112' title='bbox 1092 1100 1153 1137; x_wconf 77' lang='lat' dir='ltr'><strong>vix</strong></span> <span class='ocrx_word' id='word_1_113' title='bbox 1185 1098 1265 1137; x_wconf 87' lang='lat' dir='ltr'><strong>fieri</strong></span> <span class='ocrx_word' id='word_1_114' title='bbox 1297 1113 1362 1150; x_wconf 91' lang='lat' dir='ltr'><strong>po-</strong></span> 
     </span>
     <span class='ocr_line' id='line_1_16' title="bbox 193 1166 1362 1217; baseline 0 -13"><span class='ocrx_word' id='word_1_115' title='bbox 193 1166 309 1204; x_wconf 80' lang='lat' dir='ltr'><strong>tuisse</strong></span> <span class='ocrx_word' id='word_1_116' title='bbox 339 1167 455 1204; x_wconf 90' lang='lat' dir='ltr'><strong>visum</strong></span> <span class='ocrx_word' id='word_1_117' title='bbox 486 1166 553 1210; x_wconf 89' lang='lat' dir='ltr'><strong>sit,</strong></span> <span class='ocrx_word' id='word_1_118' title='bbox 593 1179 632 1202; x_wconf 89' lang='lat' dir='ltr'><strong>se</strong></span> <span class='ocrx_word' id='word_1_119' title='bbox 663 1166 833 1203; x_wconf 88' lang='lat' dir='ltr'><strong>admirari</strong></span> <span class='ocrx_word' id='word_1_120' title='bbox 865 1167 1030 1211; x_wconf 81' lang='lat' dir='ltr'><strong>simulat3</strong></span> <span class='ocrx_word' id='word_1_121' title='bbox 1062 1167 1362 1217; x_wconf 87' lang='lat' dir='ltr'><strong>quemadmodum</strong></span> 
     </span>
     <span class='ocr_line' id='line_1_17' title="bbox 193 1231 1360 1284; baseline 0.002 -14"><span class='ocrx_word' id='word_1_122' title='bbox 193 1233 230 1270; x_wconf 90' lang='lat' dir='ltr'><strong>in</strong></span> <span class='ocrx_word' id='word_1_123' title='bbox 266 1233 512 1284; x_wconf 82' lang='lat' dir='ltr'><strong>Lycophrone</strong></span> <span class='ocrx_word' id='word_1_124' title='bbox 549 1231 704 1270; x_wconf 78' lang='lat' dir='ltr'><strong>Athen.</strong></span> <span class='ocrx_word' id='word_1_125' title='bbox 735 1233 789 1280; x_wconf 77' lang='lat' dir='ltr'><strong>X,</strong></span> <span class='ocrx_word' id='word_1_126' title='bbox 822 1238 860 1272; x_wconf 83' lang='lat'><strong>5.</strong></span> <span class='ocrx_word' id='word_1_127' title='bbox 890 1234 1149 1272; x_wconf 72' lang='lat' dir='ltr'><strong>cavillatricem</strong></span> <span class='ocrx_word' id='word_1_128' title='bbox 1178 1235 1360 1273; x_wconf 83' lang='lat' dir='ltr'><strong>narratio-</strong></span> 
     </span>
     <span class='ocr_line' id='line_1_18' title="bbox 193 1300 721 1339; baseline 0 -2"><span class='ocrx_word' id='word_1_129' title='bbox 193 1313 274 1338; x_wconf 89' lang='lat' dir='ltr'><strong>nem</strong></span> <span class='ocrx_word' id='word_1_130' title='bbox 304 1300 527 1339; x_wconf 82' lang='lat' dir='ltr'><strong>allocutione</strong></span> <span class='ocrx_word' id='word_1_131' title='bbox 558 1300 721 1337; x_wconf 81' lang='lat' dir='ltr'><strong>orditur:</strong></span> 
     </span>
    </p>
   </div>
   <div class='ocr_carea' id='block_1_4' title="bbox 390 1376 1157 1420">
    <p class='ocr_par' dir='ltr' id='par_1_5' title="bbox 390 1376 1157 1420">
     <span class='ocr_line' id='line_1_19' title="bbox 390 1376 1157 1420; baseline 0.003 -11"><span class='ocrx_word' id='word_1_132' title='bbox 390 1377 510 1417; x_wconf 89' lang='lat' dir='ltr'><strong>Pueri,</strong></span> <span class='ocrx_word' id='word_1_133' title='bbox 535 1380 631 1419; x_wconf 86' lang='lat' dir='ltr'><strong>patre</strong></span> <span class='ocrx_word' id='word_1_134' title='bbox 655 1387 674 1409; x_wconf 89' lang='lat' dir='ltr'><strong>e</strong></span> <span class='ocrx_word' id='word_1_135' title='bbox 697 1377 803 1420; x_wconf 88' lang='lat' dir='ltr'><strong>probo</strong></span> <span class='ocrx_word' id='word_1_136' title='bbox 827 1378 881 1410; x_wconf 83' lang='lat' dir='ltr'><strong>vel</strong></span> <span class='ocrx_word' id='word_1_137' title='bbox 904 1376 1157 1420; x_wconf 79' lang='lat' dir='ltr'><strong>improbissimi!</strong></span> 
     </span>
    </p>
   </div>
   <div class='ocr_carea' id='block_1_5' title="bbox 188 1445 1356 2305">
    <p class='ocr_par' dir='ltr' id='par_1_6' title="bbox 188 1445 1356 1830">
     <span class='ocr_line' id='line_1_20' title="bbox 190 1445 1356 1497; baseline 0.003 -14"><span class='ocrx_word' id='word_1_138' title='bbox 190 1445 307 1483; x_wconf 86' lang='lat' dir='ltr'><strong>Plane</strong></span> <span class='ocrx_word' id='word_1_139' title='bbox 337 1445 478 1492; x_wconf 89' lang='lat' dir='ltr'><strong>sciens,</strong></span> <span class='ocrx_word' id='word_1_140' title='bbox 524 1446 569 1483; x_wconf 87' lang='lat' dir='ltr'><strong>iis</strong></span> <span class='ocrx_word' id='word_1_141' title='bbox 609 1445 694 1496; x_wconf 88' lang='lat' dir='ltr'><strong>quid</strong></span> <span class='ocrx_word' id='word_1_142' title='bbox 725 1446 879 1492; x_wconf 85' lang='lat' dir='ltr'><strong>debeat,</strong></span> <span class='ocrx_word' id='word_1_143' title='bbox 911 1459 1069 1491; x_wconf 88' lang='lat' dir='ltr'><strong>carmen,</strong></span> <span class='ocrx_word' id='word_1_144' title='bbox 1100 1447 1263 1497; x_wconf 78' lang='lat' dir='ltr'><strong>quamvis</strong></span> <span class='ocrx_word' id='word_1_145' title='bbox 1294 1461 1356 1486; x_wconf 88' lang='lat' dir='ltr'><strong>ne-</strong></span> 
     </span>
     <span class='ocr_line' id='line_1_21' title="bbox 190 1512 1354 1565; baseline 0.003 -16"><span class='ocrx_word' id='word_1_146' title='bbox 190 1512 285 1550; x_wconf 88' lang='lat' dir='ltr'><strong>mine</strong></span> <span class='ocrx_word' id='word_1_147' title='bbox 315 1518 511 1564; x_wconf 88' lang='lat' dir='ltr'><strong>poscente,</strong></span> <span class='ocrx_word' id='word_1_148' title='bbox 544 1513 744 1564; x_wconf 86' lang='lat' dir='ltr'><strong>promittit;</strong></span> <span class='ocrx_word' id='word_1_149' title='bbox 776 1513 955 1564; x_wconf 88' lang='lat' dir='ltr'><strong>nymphae</strong></span> <span class='ocrx_word' id='word_1_150' title='bbox 984 1520 1123 1559; x_wconf 83' lang='lat' dir='ltr'><strong>autem,</strong></span> <span class='ocrx_word' id='word_1_151' title='bbox 1155 1515 1251 1565; x_wconf 89' lang='lat' dir='ltr'><strong>quod</strong></span> <span class='ocrx_word' id='word_1_152' title='bbox 1281 1528 1354 1552; x_wconf 89' lang='lat' dir='ltr'><strong>mo-</strong></span> 
     </span>
     <span class='ocr_line' id='line_1_22' title="bbox 188 1579 1354 1632; baseline 0.003 -16"><span class='ocrx_word' id='word_1_153' title='bbox 188 1579 239 1616; x_wconf 84' lang='lat' dir='ltr'><strong>ris</strong></span> <span class='ocrx_word' id='word_1_154' title='bbox 269 1592 351 1617; x_wconf 84' lang='lat' dir='ltr'><strong>eum</strong></span> <span class='ocrx_word' id='word_1_155' title='bbox 380 1580 553 1626; x_wconf 87' lang='lat' dir='ltr'><strong>tinxerit,</strong></span> <span class='ocrx_word' id='word_1_156' title='bbox 584 1581 682 1618; x_wconf 87' lang='lat' dir='ltr'><strong>aliud</strong></span> <span class='ocrx_word' id='word_1_157' title='bbox 712 1580 847 1630; x_wconf 85' lang='lat' dir='ltr'><strong>aliquid</strong></span> <span class='ocrx_word' id='word_1_158' title='bbox 878 1582 1041 1632; x_wconf 86' lang='lat' dir='ltr'><strong>praemii,</strong></span> <span class='ocrx_word' id='word_1_159' title='bbox 1074 1583 1171 1632; x_wconf 88' lang='lat' dir='ltr'><strong>quod</strong></span> <span class='ocrx_word' id='word_1_160' title='bbox 1201 1583 1263 1619; x_wconf 87' lang='lat' dir='ltr'><strong>illa</strong></span> <span class='ocrx_word' id='word_1_161' title='bbox 1292 1582 1354 1621; x_wconf 77' lang='lat' dir='ltr'><strong>vix</strong></span> 
     </span>
     <span class='ocr_line' id='line_1_23' title="bbox 188 1646 1355 1700; baseline 0.003 -17"><span class='ocrx_word' id='word_1_162' title='bbox 188 1659 210 1683; x_wconf 86' lang='lat' dir='ltr'><strong>a</strong></span> <span class='ocrx_word' id='word_1_163' title='bbox 247 1646 414 1684; x_wconf 85' lang='lat' dir='ltr'><strong>debitore</strong></span> <span class='ocrx_word' id='word_1_164' title='bbox 453 1647 643 1699; x_wconf 81' lang='lat' dir='ltr'><strong>exegerit3</strong></span> <span class='ocrx_word' id='word_1_165' title='bbox 687 1646 734 1684; x_wconf 86' lang='lat' dir='ltr'><strong>cf.</strong></span> <span class='ocrx_word' id='word_1_166' title='bbox 766 1662 800 1685; x_wconf 81' lang='lat' dir='ltr'><strong>v.</strong></span> <span class='ocrx_word' id='word_1_167' title='bbox 840 1653 905 1687; x_wconf 80' lang='lat'><strong>47.</strong></span> <span class='ocrx_word' id='word_1_168' title='bbox 973 1648 1120 1696; x_wconf 70' lang='lat' dir='ltr'><strong>Voltis,</strong></span> <span class='ocrx_word' id='word_1_169' title='bbox 1153 1649 1272 1700; x_wconf 85' lang='lat' dir='ltr'><strong>prisce</strong></span> <span class='ocrx_word' id='word_1_170' title='bbox 1301 1650 1355 1686; x_wconf 90' lang='lat' dir='ltr'><strong>di-</strong></span> 
     </span>
     <span class='ocr_line' id='line_1_24' title="bbox 189 1714 1353 1767; baseline 0.003 -16"><span class='ocrx_word' id='word_1_171' title='bbox 189 1717 304 1758; x_wconf 84' lang='lat' dir='ltr'><strong>ctum,</strong></span> <span class='ocrx_word' id='word_1_172' title='bbox 348 1714 520 1752; x_wconf 84' lang='lat' dir='ltr'><strong>Heinsius</strong></span> <span class='ocrx_word' id='word_1_173' title='bbox 558 1715 593 1751; x_wconf 92' lang='lat' dir='ltr'><strong>in</strong></span> <span class='ocrx_word' id='word_1_174' title='bbox 631 1714 812 1764; x_wconf 88' lang='lat' dir='ltr'><strong>aliquibus</strong></span> <span class='ocrx_word' id='word_1_175' title='bbox 849 1715 950 1753; x_wconf 86' lang='lat' dir='ltr'><strong>libris</strong></span> <span class='ocrx_word' id='word_1_176' title='bbox 981 1729 1089 1753; x_wconf 87' lang='lat' dir='ltr'><strong>manu</strong></span> <span class='ocrx_word' id='word_1_177' title='bbox 1118 1717 1266 1767; x_wconf 87' lang='lat' dir='ltr'><strong>scriptis</strong></span> <span class='ocrx_word' id='word_1_178' title='bbox 1297 1731 1353 1755; x_wconf 88' lang='lat' dir='ltr'><strong>re-</strong></span> 
     </span>
     <span class='ocr_line' id='line_1_25' title="bbox 190 1780 297 1830; baseline 0 -13"><span class='ocrx_word' id='word_1_179' title='bbox 190 1780 297 1830; x_wconf 90' lang='lat' dir='ltr'><strong>perit.</strong></span> 
     </span>
    </p>

    <p class='ocr_par' dir='ltr' id='par_1_7' title="bbox 188 1848 1353 2305">
     <span class='ocr_line' id='line_1_26' title="bbox 301 1848 1353 1898; baseline 0.003 -12"><span class='ocrx_word' id='word_1_180' title='bbox 301 1851 489 1886; x_wconf 81' lang='lat'>27—30.</span> <span class='ocrx_word' id='word_1_181' title='bbox 548 1848 783 1895; x_wconf 71' lang='lat' dir='ltr'><strong>Numerus,</strong></span> <span class='ocrx_word' id='word_1_182' title='bbox 816 1849 1001 1898; x_wconf 64' lang='lat' dir='ltr'><strong>rhythmus</strong></span> <span class='ocrx_word' id='word_1_183' title='bbox 1033 1850 1067 1886; x_wconf 92' lang='lat' dir='ltr'><strong>in</strong></span> <span class='ocrx_word' id='word_1_184' title='bbox 1099 1856 1207 1887; x_wconf 91' lang='lat' dir='ltr'><strong>cantu</strong></span> <span class='ocrx_word' id='word_1_185' title='bbox 1239 1851 1353 1889; x_wconf 88' lang='lat' dir='ltr'><strong>inclu-</strong></span> 
     </span>
     <span class='ocr_line' id='line_1_27' title="bbox 189 1914 1350 1969; baseline 0.003 -17"><span class='ocrx_word' id='word_1_186' title='bbox 189 1927 272 1960; x_wconf 77' lang='lat' dir='ltr'><strong>suS,</strong></span> <span class='ocrx_word' id='word_1_187' title='bbox 303 1914 380 1953; x_wconf 87' lang='lat' dir='ltr'><strong>sive</strong></span> <span class='ocrx_word' id='word_1_188' title='bbox 409 1916 453 1953; x_wconf 89' lang='lat' dir='ltr'><strong>ad</strong></span> <span class='ocrx_word' id='word_1_189' title='bbox 484 1916 697 1954; x_wconf 81' lang='lat' dir='ltr'><strong>concinnam</strong></span> <span class='ocrx_word' id='word_1_190' title='bbox 729 1916 906 1953; x_wconf 86' lang='lat' dir='ltr'><strong>rationem</strong></span> <span class='ocrx_word' id='word_1_191' title='bbox 937 1917 1186 1963; x_wconf 87' lang='lat' dir='ltr'><strong>dinumerata,</strong></span> <span class='ocrx_word' id='word_1_192' title='bbox 1219 1925 1255 1955; x_wconf 89' lang='lat' dir='ltr'><strong>et</strong></span> <span class='ocrx_word' id='word_1_193' title='bbox 1284 1933 1350 1969; x_wconf 83' lang='lat' dir='ltr'><strong>pro</strong></span> 
     </span>
     <span class='ocr_line' id='line_1_28' title="bbox 190 1981 1350 2036; baseline 0.004 -18"><span class='ocrx_word' id='word_1_194' title='bbox 190 1981 396 2034; x_wconf 81' lang='lat' dir='ltr'><strong>argumenti</strong></span> <span class='ocrx_word' id='word_1_195' title='bbox 435 1983 613 2020; x_wconf 77' lang='lat' dir='ltr'><strong>varietate</strong></span> <span class='ocrx_word' id='word_1_196' title='bbox 652 1983 799 2021; x_wconf 85' lang='lat' dir='ltr'><strong>varians</strong></span> <span class='ocrx_word' id='word_1_197' title='bbox 829 1997 941 2034; x_wconf 84' lang='lat' dir='ltr'><strong>saepe</strong></span> <span class='ocrx_word' id='word_1_198' title='bbox 974 1985 1131 2036; x_wconf 76' lang='lat' dir='ltr'><strong>agitatio</strong></span> <span class='ocrx_word' id='word_1_199' title='bbox 1162 1992 1198 2021; x_wconf 86' lang='lat' dir='ltr'><strong>et</strong></span> <span class='ocrx_word' id='word_1_200' title='bbox 1230 1992 1350 2023; x_wconf 90' lang='lat' dir='ltr'><strong>motus</strong></span> 
     </span>
     <span class='ocr_line' id='line_1_29' title="bbox 188 2049 1350 2102; baseline 0.003 -16"><span class='ocrx_word' id='word_1_201' title='bbox 188 2049 426 2087; x_wconf 81' lang='lat' dir='ltr'><strong>membrorum</strong></span> <span class='ocrx_word' id='word_1_202' title='bbox 457 2063 635 2088; x_wconf 80' lang='lat' dir='ltr'><strong>versuum.</strong></span> <span class='ocrx_word' id='word_1_203' title='bbox 667 2051 762 2101; x_wconf 89' lang='lat' dir='ltr'><strong>quod</strong></span> <span class='ocrx_word' id='word_1_204' title='bbox 794 2051 980 2088; x_wconf 78' lang='lat' dir='ltr'><strong>veteribus</strong></span> <span class='ocrx_word' id='word_1_205' title='bbox 1011 2051 1129 2102; x_wconf 67' lang='lat' dir='ltr'><strong>poetis</strong></span> <span class='ocrx_word' id='word_1_206' title='bbox 1161 2051 1350 2090; x_wconf 78' lang='lat' dir='ltr'><strong>efficacius</strong></span> 
     </span>
     <span class='ocr_line' id='line_1_30' title="bbox 189 2116 1348 2168; baseline 0.003 -13"><span class='ocrx_word' id='word_1_207' title='bbox 189 2130 271 2155; x_wconf 84' lang='lat' dir='ltr'><strong>esse</strong></span> <span class='ocrx_word' id='word_1_208' title='bbox 300 2116 500 2163; x_wconf 80' lang='lat' dir='ltr'><strong>videbatur,</strong></span> <span class='ocrx_word' id='word_1_209' title='bbox 531 2131 635 2168; x_wconf 87' lang='lat' dir='ltr'><strong>quam</strong></span> <span class='ocrx_word' id='word_1_210' title='bbox 667 2132 779 2155; x_wconf 84' lang='lat' dir='ltr'><strong>sonor</strong></span> <span class='ocrx_word' id='word_1_211' title='bbox 809 2119 1034 2157; x_wconf 72' lang='lat' dir='ltr'><strong>adventicius</strong></span> <span class='ocrx_word' id='word_1_212' title='bbox 1063 2118 1131 2155; x_wconf 86' lang='lat' dir='ltr'><strong>Lb.</strong></span> <span class='ocrx_word' id='word_1_213' title='bbox 1165 2119 1222 2165; x_wconf 70' lang='lat' dir='ltr'><strong>lv,</strong></span> <span class='ocrx_word' id='word_1_214' title='bbox 1259 2123 1348 2165; x_wconf 80' lang='lat'><strong>175,</strong></span> 
     </span>
     <span class='ocr_line' id='line_1_31' title="bbox 188 2183 1348 2233; baseline 0.003 -12"><span class='ocrx_word' id='word_1_215' title='bbox 188 2197 285 2221; x_wconf 91' lang='lat' dir='ltr'><strong>nunc</strong></span> <span class='ocrx_word' id='word_1_216' title='bbox 323 2183 461 2231; x_wconf 81' lang='lat' dir='ltr'><strong>effecit,</strong></span> <span class='ocrx_word' id='word_1_217' title='bbox 499 2191 537 2222; x_wconf 88' lang='lat' dir='ltr'><strong>ut</strong></span> <span class='ocrx_word' id='word_1_218' title='bbox 567 2185 713 2223; x_wconf 77' lang='lat' dir='ltr'><strong>Fanni</strong></span> <span class='ocrx_word' id='word_1_219' title='bbox 745 2194 779 2223; x_wconf 86' lang='lat' dir='ltr'><strong>et</strong></span> <span class='ocrx_word' id='word_1_220' title='bbox 799 2189 933 2233; x_wconf 82' lang='lat' dir='ltr'><strong>ferae</strong></span> <span class='ocrx_word' id='word_1_221' title='bbox 964 2189 1174 2224; x_wconf 73' lang='lat' dir='ltr'><strong>silvarum</strong></span> <span class='ocrx_word' id='word_1_222' title='bbox 1206 2187 1251 2224; x_wconf 85' lang='lat' dir='ltr'><strong>ad</strong></span> <span class='ocrx_word' id='word_1_223' title='bbox 1283 2200 1348 2224; x_wconf 83' lang='lat' dir='ltr'><strong>uu-</strong></span> 
     </span>
     <span class='ocr_line' id='line_1_32' title="bbox 188 2251 1344 2305; baseline 0.003 -16"><span class='ocrx_word' id='word_1_224' title='bbox 188 2251 355 2290; x_wconf 87' lang='lat' dir='ltr'><strong>diendum</strong></span> <span class='ocrx_word' id='word_1_225' title='bbox 393 2260 698 2302; x_wconf 83' lang='lat' dir='ltr'><strong>approperantes,</strong></span> <span class='ocrx_word' id='word_1_226' title='bbox 737 2254 882 2305; x_wconf 89' lang='lat' dir='ltr'><strong>paribus</strong></span> <span class='ocrx_word' id='word_1_227' title='bbox 912 2255 1068 2292; x_wconf 86' lang='lat' dir='ltr'><strong>motibus</strong></span> <span class='ocrx_word' id='word_1_228' title='bbox 1099 2254 1344 2300; x_wconf 81' lang='lat' dir='ltr'><strong>exsultarent,</strong></span> 
     </span>
    </p>
   </div>
  </div>
 </body>
</html>
