1472 2620
186 135 246 175 54
516 130 714 168 ECLOGA
747 131 812 175 Vl,
849 135 1039 172 47—60.

185 243 261 294 jum
294 242 480 280 destinare
510 242 699 287 solebant3
729 242 822 280 alias
853 243 958 280 liberi
989 243 1025 280 in
1057 244 1159 282 silvis
1178 245 1361 291 meabant,

191 310 336 361 quoties
366 309 515 355 libebat,
547 310 591 347 ad
624 316 730 360 septa
759 316 890 347 euntes
921 310 992 348 Lb.
1023 311 1089 356 ΙΙΙ,
1124 316 1214 350 224.
1256 314 1363 350 Hunc

192 378 341 427 insuper
380 376 574 427 Neptunus
617 382 748 414 auctor
777 377 1011 415 efferaverat.
1069 378 1362 429 Hyacinthus,

192 444 383 482 caeruleus
420 444 606 496 gladiolus
637 445 688 491 ll,
734 451 797 484 18.
858 446 1017 490 Versus,
1057 446 1116 495 qui
1148 446 1274 497 pedem
1307 447 1364 483 lo-

192 512 311 549 nicum
342 511 379 548 in
410 511 513 548 exitu
545 512 699 557 liabent,
739 513 894 550 Graecis
925 513 960 550 in
993 513 1199 550 nominibus
1231 514 1364 551 Roma-

193 593 261 616 nus
298 584 416 624 amat,
455 579 633 629 simulque
671 585 708 617 et
747 582 927 618 Graecam
966 579 1296 619 conformationem
1327 587 1364 619 et

192 648 372 685 Graecam
411 647 582 684 metiendi
621 648 801 685 rationem
839 647 908 684 sibi
946 648 1143 698 permittit3
1186 649 1365 699 quemad-

193 714 336 751 modum
375 714 443 751 hoc
480 715 561 751 loco
600 723 670 752 tvm
710 715 922 761 inficllvs
952 716 1168 766 producitur
1198 718 1252 763 ll,
1298 721 1363 755 24.

194 782 264 820 Lb.
296 782 355 826 lv,
391 787 481 819 137.
541 782 645 819 Hanc
677 782 901 833 elegantiam
933 783 993 833 qui
1024 784 1161 834 primus
1192 784 1364 829 audebat,

195 849 280 900 quid
311 848 490 893 censetis,
523 848 742 887 laudatusne
772 850 844 887 sit?
877 851 1066 888 Candidus
1095 856 1223 888 taurus
1254 863 1366 901 supra

196 929 416 968 purpureum
454 916 685 966 hyacinthum
723 917 757 953 in
798 916 943 968 frigore
981 917 1074 955 ilicis
1112 918 1196 962 vll,
1250 925 1285 956 1.
1318 931 1364 955 ex

198 983 303 1021 viridi
347 983 596 1035 nigrescentis
641 984 772 1021 herhas
813 998 858 1022 ex
898 984 1005 1022 viridi
1042 985 1221 1035 pallentes
1259 998 1366 1035 quam

196 1051 366 1102 speciose
409 1051 583 1088 ruminat!
645 1052 700 1089 lta
741 1056 849 1089 aucta
890 1051 1161 1101 pulchritudine
1200 1052 1365 1104 flagrans

196 1118 398 1169 cupiditate
439 1119 623 1168 Pasiphae·
654 1125 811 1155 amatum
842 1118 911 1155 sibi
942 1124 1063 1155 mente
1092 1118 1220 1171 fingit3
1262 1119 1366 1169 isque

198 1199 356 1224 amorem
403 1186 449 1223 ad
495 1186 673 1223 aemulam
719 1199 766 1223 ex
810 1185 885 1222 late
930 1184 1064 1222 diffuso
1102 1199 1223 1239 grege
1261 1199 1364 1223 suum

197 1255 367 1293 avertat?
406 1252 674 1291 ODictaeae
691 1251 942 1304 A‘ympltae!
973 1254 1082 1303 plena
1111 1253 1270 1291 libidinis
1301 1267 1366 1291 ex-

197 1322 350 1367 clamat,
397 1321 558 1359 claudite
587 1327 775 1358 tortuosas
806 1320 921 1359 valles
950 1321 1076 1358 horum
1107 1321 1284 1367 saltuum,
1325 1326 1366 1358 ut

199 1401 330 1426 errans
360 1393 489 1426 taurus
519 1389 638 1439 possit
668 1388 832 1438 exquiri,
864 1393 920 1433 et,
951 1388 1012 1425 ubi
1044 1388 1183 1425 exitum
1212 1388 1246 1426 ei
1276 1388 1365 1426 reli-

199 1455 378 1506 queritis,
425 1455 510 1493 inde
547 1455 729 1505 aliquibus
765 1455 888 1494 vaccis
927 1456 972 1492 ad
1009 1456 1153 1494 stabula
1182 1455 1366 1506 Gortynia

199 1523 309 1561 allici.
368 1523 457 1560 Pari
485 1523 716 1561 vehementia
745 1522 781 1559 in
811 1522 1061 1574 Anthologiae
1091 1521 1238 1571 Steph.
1269 1523 1299 1561 Ι.
1329 1537 1365 1573 p.

203 1596 268 1629 37.
299 1590 424 1627 Amori
453 1590 604 1628 clamat:

290 1668 409 1700 Monte
432 1677 554 1708 vagum
579 1670 614 1699 tu
638 1676 691 1698 me
715 1670 846 1698 taurum
879 1665 967 1708 quod
991 1676 1104 1700 amare
1127 1666 1284 1708 docebas,

291 1723 426 1765 Mugitu
449 1733 584 1767 quoqne
608 1732 662 1755 me
684 1722 807 1754 doceas
831 1722 974 1755 clamare
997 1722 1129 1755 marito.

203 1792 330 1831 Saltus
366 1792 422 1838 X,
467 1795 531 1831 57.
591 1791 630 1828 ln
670 1791 802 1828 Dicte
838 1796 960 1828 monte
997 1791 1176 1837 silvestri,
1221 1792 1282 1842 qui
1318 1792 1364 1830 ad

203 1860 383 1898 orientem
420 1858 534 1896 solem
571 1859 607 1895 in
638 1858 757 1895 insula
788 1858 900 1895 Creta
929 1864 1090 1909 spectat,
1131 1872 1266 1910 pascua
1303 1873 1363 1898 ae-

203 1927 298 1966 stiva
333 1931 578 1964 armentorum
608 1925 742 1962 Minois
771 1931 895 1971 erant,
926 1926 1030 1977 cujus
1059 1926 1166 1964 sedes
1197 1927 1364 1965 Gnossus

206 1999 287 2033 erat
315 1993 470 2031 interior
499 1993 535 2030 in
565 1993 684 2031 vicina
714 1993 877 2044 planitie.
937 1994 1012 2031 Sed
1034 2007 1146 2044 prope
1166 1992 1364 2044 Gortyna

205 2061 285 2101 sive
317 2060 574 2112 Gortynam,
604 2060 729 2098 urbem
760 2060 921 2098 secundo
951 2060 1034 2099 loco
1063 2060 1362 2111 potentissimam,

208 2129 343 2182 viginti
367 2129 526 2180 quinque
545 2127 655 2165 millia
673 2141 843 2179 passuum
859 2142 881 2166 a
896 2129 1042 2166 Gnosso
1060 2128 1165 2165 sitam
1183 2129 1218 2165 in
1236 2141 1363 2179 campo

208 2197 286 2235 Str.
302 2196 352 2242 X,
370 2201 394 2235 4
409 2210 444 2247 p.
469 2200 564 2241 372,
589 2196 634 2233 ad
651 2209 755 2246 quem
771 2196 953 2246 Europam
977 2195 1122 2246 Jupiter
1142 2195 1363 2246 abripuerag

209 2264 444 2315 pascebatur,
479 2263 576 2314 quod
593 2263 744 2302 Servius
760 2277 808 2302 ex
828 2262 980 2314 perditis
996 2263 1115 2314 poetis
1130 2261 1258 2309 refert,
1276 2275 1361 2301 can-
