1515 2620
492 133 696 172 ECLOGA
727 134 803 182 lX,
839 141 1014 175 11—16.
1254 145 1338 184 ¹67

155 244 284 282 tebaut
307 244 468 281 onmium
496 245 685 283 civitatum
713 259 807 296 quae
829 246 865 283 in
884 246 991 284 ltalia
1008 245 1203 285 florebant.
1262 248 1337 286 De-

157 323 273 356 mum,
324 324 433 361 quum
475 311 619 358 Pollio,
674 318 855 362 patronus
889 314 1054 365 Virgilii,
1100 328 1147 351 ex
1184 315 1338 352 Venetis

155 377 224 414 sub
262 376 372 414 finem
404 377 491 415 anni
522 377 730 424 Dccxul,
770 379 922 429 primum
955 394 1075 432 agens
1106 382 1336 428 clementius,

156 449 253 494 post,
296 458 395 481 anno
429 444 638 490 Dccxlv,
671 458 751 481 cum
792 445 955 483 Domitio
987 448 1256 493 Ahenobarbo,
1293 448 1337 485 li-

158 511 316 548 bertatis
357 511 549 556 studioso,
592 512 835 562 conjunctus,
874 519 1004 563 aperta
1035 520 1167 551 contra
1199 516 1338 552 Caesa·

155 590 231 614 rem
264 577 458 615 inimicitia
488 577 678 628 profectus
711 586 830 616 esset:
865 586 952 617 tunc
983 581 1038 618 vel
1064 581 1227 618 amicitia
1250 580 1336 617 Pol-

154 643 266 681 lionis
313 645 506 694 praetendi
553 645 710 695 injuriae
747 646 964 682 inferendae
1003 652 1172 696 poterat3
1217 660 1336 696 neque

157 709 255 747 Varo
288 711 488 763 Virgilius,
520 711 711 762 praefecto
744 713 917 757 militari,
950 718 1014 749 aut
1045 725 1110 763 per
1141 713 1236 748 hunc
1266 712 1337 762 ipsi

155 778 331 823 Caesari,
371 778 514 815 animus
544 792 633 816 suus
665 779 725 828 qui
757 779 825 824 sit,
857 780 978 815 denuo
1011 792 1249 823 asseverare,
1281 779 1336 815 in-

155 844 246 881 utile
277 858 360 882 esse
391 847 581 882 censebat.
641 846 809 882 A'ostm
837 850 1048 890 carmina,
1080 845 1115 881 in
1148 859 1213 882 ore
1236 844 1336 882 servi

154 908 295 957 fidelis,
341 910 566 962 gravitatem
605 912 704 949 levat
735 913 915 949 dictorum
948 913 1023 949 risu
1055 912 1214 961 quodam
1244 911 1336 948 resi-

152 977 240 1014 duo.
301 977 413 1015 Hafn.
445 977 488 1015 Α
518 978 628 1015 habet
658 982 786 1016 tanti.
848 978 1072 1016 Chaoniae
1101 978 1336 1023 columbae,

154 1044 201 1082 ab
231 1045 384 1082 oraculo
411 1045 617 1081 Dodonaeo
651 1046 763 1095 Epiri,
795 1059 890 1096 quae
920 1047 1030 1083 sedes
1061 1051 1142 1082 erat
1172 1050 1337 1083 veterum

154 1112 361 1149 Chaonum.
422 1112 479 1149 De
521 1111 763 1149 divinantium
802 1114 1022 1159 sanctitate,
1061 1125 1156 1162 quae
1194 1112 1337 1149 inclusa

153 1183 233 1223 est,
275 1179 488 1223 sententia,
527 1192 571 1215 ea
602 1179 755 1216 carmini
786 1180 962 1217 conducit
994 1184 1126 1230 poetae
1156 1180 1267 1230 ejecti
1299 1182 1338 1216 et

154 1246 336 1296 paventis.
401 1246 571 1283 Dimmt
609 1247 775 1283 modeste
812 1247 974 1284 additum
1007 1252 1065 1283 est
1095 1247 1140 1283 ab
1172 1246 1336 1282 indocto.

158 1312 286 1356 Quod
312 1317 423 1357 as‘ixe',
457 1314 692 1362 ‹linamobrem
726 1314 815 1359 nisi,
844 1323 1028 1363 propter
1059 1315 1179 1364 qvod
1206 1312 1276 1349 Lb.
1309 1311 1336 1356 l,

157 1384 248 1418 155.
281 1380 335 1425 ΙΙ,
368 1385 460 1418 4¹25.
523 1380 601 1417 Nisi
634 1381 793 1417 monitus
825 1395 898 1432 ego
928 1395 950 1418 a
981 1381 1132 1417 cornice
1163 1392 1242 1417 cum
1274 1391 1336 1416 ve—

154 1452 286 1484 terano
325 1461 347 1485 a
385 1448 502 1497 primo
541 1448 646 1483 initio
686 1448 783 1484 omni
824 1448 931 1483 modo
962 1448 1061 1483 litem
1093 1445 1335 1489 diremissem,

153 1514 336 1564 planeque
366 1527 423 1550 me
453 1515 534 1564 ojus
564 1514 706 1550 libidini
738 1514 1022 1551 commisissem:
1057 1513 1135 1563 ipsc
1167 1526 1239 1548 {zon
1271 1510 1336 1547 mi-

155 1594 244 1627 nus,
281 1594 389 1631 quam
423 1594 539 1631 nuper
572 1594 689 1631 paene
721 1582 831 1617 lici-us
864 1594 985 1626 meus,
1024 1594 1142 1617 essem
1176 1578 1333 1615 occisus.

156 1648 445 1698 Qnacvmqaoe,
500 1649 606 1683 deest
653 1650 727 1683 via
764 1650 914 1694 flaret,
969 1648 1332 1697 quomodocumque:

152 1729 238 1753 sero
271 1728 316 1752 cx
349 1715 571 1764 antiquitate
603 1719 772 1750 retentus
802 1715 947 1751 dicendi
980 1715 1121 1758 modus⁷
1152 1726 1224 1763 quo
1244 1718 1333 1749 tem-

152 1796 245 1833 pore
285 1785 490 1832 quisqwix
528 1787 565 1817 et
597 1785 865 1831 quicunque,
910 1795 1028 1831 aeque
1058 1794 1101 1818 ac
1131 1783 1332 1831 quisque,

154 1849 262 1886 umdo
294 1852 431 1885 omni-v
462 1851 618 1892 omnis,
651 1849 759 1884 modo
791 1852 942 1894 onmis,
974 1849 1160 1899 quilibet
1189 1850 1229 1884 is
1261 1848 1331 1883 (le-

152 1930 264 1954 mma
294 1919 375 1960 xic,
416 1915 698 1952 declaraverunt
730 1916 798 1960 ΙΙΙ,
845 1921 931 1952 109.
995 1917 1033 1952 ln
1067 1914 1177 1952 llafn.
1212 1914 1250 1951 C
1275 1917 1334 1950 est

152 1997 215 2021 ea·
245 1995 506 2033 quacunque
535 1981 668 2017 mendo
698 1982 886 2032 scriptum.
948 1982 1169 2026 Incidere,
1203 1980 1332 2017 infrin-

152 2063 265 2102 gere,
305 2049 609 2099 quemadmodum
642 2049 789 2098 plautae
822 2050 991 2087 novellae
1023 2049 1236 2086 inciduntur
1268 2048 1330 2091 ΙΙΙ,

156 2123 219 2154 lt.
283 2117 426 2154 Novas
469 2118 569 2153 (ilex
611 2116 633 2152 i.
671 2129 704 2153 e.
745 2117 853 2152 inodo
891 2117 1068 2152 orientes.
1129 2117 1331 2151 Sinistra

155 2187 319 2228 omina,
351 2184 374 2220 i.
407 2197 441 2220 e.
473 2196 495 2219 a
525 2183 678 2219 sinislra
708 2196 754 2219 ex
787 2184 931 2219 oriente
963 2182 1164 2227 venientia,
1197 2183 1330 2218 Roma-

153 2250 210 2288 nis
240 2255 367 2295 erant,
399 2250 445 2286 ad
477 2250 679 2292 meridiem,
708 2263 817 2300 quum
848 2250 1144 2300 auspicarentur,
1176 2262 1331 2288 conver-
