1515 2620
203 152 292 192 210
539 142 745 180 ECLOGA
774 142 834 187 Χ,
867 147 1045 182 24—25.

205 257 327 296 noctis
366 255 581 307 potentibus
620 254 766 306 inquies
804 259 990 292 nocturna
1021 254 1215 302 tribuitur3
1252 264 1290 294 et
1319 257 1395 293 Ho-

203 325 323 363 ratius
353 324 418 368 ΙΙΙ,
450 322 521 360 Od.
559 326 608 360 18
640 336 663 360 a
693 323 824 361 Fauno
857 327 1052 373 precatur,
1097 327 1139 359 ut
1175 322 1279 373 agris
1316 324 1394 361 suis

202 397 241 430 et
270 390 396 442 parvis
426 389 585 428 alumnis
616 394 758 440 parcat.
817 389 960 427 Auctor
991 390 1246 427 Romanarum
1270 390 1394 443 Origi-

201 472 301 506 num,
333 459 485 503 Panem,
517 458 696 503 Faunum,
729 457 860 494 lnuum
891 464 930 495 et
955 457 1159 502 Silvanum,
1190 456 1254 502 ait,
1288 458 1394 496 deum

201 527 368 564 cumdem
399 524 636 578 significare,
678 530 716 563 et
746 525 972 563 Plutarchus
1003 525 1039 562 in
1071 525 1288 570 Parallelis,
1319 525 1393 562 Sil-

200 607 335 633 vanum
366 606 462 638 esse,
495 592 785 644 interpretatur,
817 592 1069 645 Aegipanem,
1101 593 1206 644 cujus
1236 591 1393 630 sormam

202 661 413 700 semiferam
444 661 593 698 Probus
632 661 666 698 ei
705 666 742 699 et
772 661 1002 712 Pomponius
1034 660 1105 698 Lb.
1137 661 1171 706 Ι,
1206 666 1258 699 ‘20
1289 661 1393 698 addi-

201 735 309 776 cunt3
348 742 566 780 quamquam
605 742 685 766 cum
717 729 877 781 virgilio
910 734 1041 765 nostro
1073 728 1135 767 alii
1167 740 1314 779 quoquc
1354 733 1393 766 et

201 798 303 849 ipsos
336 802 374 834 et
405 810 532 834 eorum
566 797 718 847 prolem,
750 797 874 834 Panes
905 802 942 834 et
972 796 1160 842 Silvanos,
1192 801 1394 833 secernunt

200 867 270 917 Ep.
300 865 420 915 myth,
451 865 498 910 ΙΙ,
531 870 596 903 30.
628 879 664 915 p.
698 869 775 904 253
810 863 896 915 (68.
929 879 963 915 p.
996 862 1110 916 294).
1156 864 1290 901 Verum
1321 869 1390 910 est,

200 947 275 970 non
307 933 529 985 religionem
560 933 761 984 publicam,
793 932 1141 983 interpretationem
1171 937 1294 969 autem
1326 945 1391 982 po-

200 1000 396 1038 steriorem
430 1001 621 1039 Silvanum
653 1014 729 1038 non
761 1000 899 1046 minus,
942 1013 1049 1050 quam
1082 1000 1267 1046 Faunum,
1308 1013 1389 1037 cum

199 1068 305 1105 Pane
343 1069 640 1114 commiscuisse,
682 1073 720 1105 et
757 1068 793 1104 in
834 1068 984 1119 signum
1022 1067 1199 1104 seminum
1230 1067 1391 1104 omnium

198 1149 322 1174 rerum
355 1132 474 1188 (ὕλη,
518 1133 653 1187 silva)
686 1133 991 1172 transformasse.
1038 1135 1231 1179 Silvanus,
1273 1147 1390 1186 vege·

198 1208 259 1241 tus
295 1217 414 1241 senex
446 1203 513 1242 Ov.
544 1204 638 1241 Met.
668 1203 778 1248 XlV,
811 1207 912 1248 639,
953 1202 1057 1239 rudis
1087 1203 1192 1253 quasi
1222 1202 1390 1240 silvicola

198 1271 429 1323 conspicitur
460 1271 550 1308 Hor.
569 1272 633 1317 ΙΙΙ,
665 1271 733 1308 od.
767 1275 831 1316 29,
865 1274 930 1316 24,
962 1271 1068 1322 cujus
1100 1283 1174 1309 vox
1207 1271 1390 1321 potentis-

196 1339 290 1377 sima
326 1344 440 1377 noctu
479 1352 528 1376 ex
567 1338 671 1377 silvis
716 1344 871 1377 resonat
910 1338 986 1376 Jul.
1026 1339 1115 1376 Obs.
1155 1344 1200 1383 8,
1244 1339 1388 1390 peritus

196 1412 327 1458 pastor
362 1406 529 1452 fistulae,
568 1411 606 1444 et
644 1406 839 1444 frondibus
874 1407 1008 1444 taedae
1047 1413 1250 1443 coronatus
1281 1407 1387 1457 Calp.

196 1474 243 1522 ll,
261 1479 324 1513 28.
358 1474 398 1510 ln
414 1473 710 1511 Montefalcouio
727 1475 903 1511 editionis
921 1474 1167 1513 Germanicae
1185 1474 1386 1519 t.xxxn‚

196 1540 224 1579 f.
254 1546 281 1580 7
311 1541 515 1578 secundum
556 1542 603 1578 la
636 1539 831 1578 Chavsse
869 1541 994 1591 specie
1032 1540 1180 1578 effictus
1211 1548 1269 1578 est
1300 1542 1387 1578 nudi

196 1608 266 1647 viri
298 1613 336 1646 et
365 1608 523 1655 barbati,
554 1608 591 1645 in
623 1609 757 1658 capite,
789 1608 886 1645 sicut
915 1608 1074 1653 videtur,
1105 1621 1246 1645 corona
1276 1610 1387 1646 silve·

197 1676 286 1713 stris
317 1681 387 1722 est,
418 1675 498 1714 falx
530 1675 565 1712 in
598 1676 746 1721 dextra,
779 1676 814 1713 in
846 1675 999 1712 sinistra
1031 1689 1165 1721 ramus,
1199 1684 1286 1714 ante
1304 1690 1386 1714 eum

197 1744 301 1782 canis
340 1745 446 1782 sedet
477 1743 704 1794 suspiciens3
744 1747 781 1780 et
801 1744 892 1793 fig.
927 1748 950 1781 9
983 1744 1183 1780 secundum
1215 1744 1386 1782 Boissar-

197 1813 281 1850 dum
313 1812 503 1850 dimidiata
535 1812 615 1863 ejus
646 1811 768 1849 forma
797 1825 911 1862 super
941 1811 1130 1856 columna,
1170 1825 1249 1849 cum
1282 1821 1385 1850 serto

197 1880 322 1931 pineo.
379 1881 553 1919 Fer-ula
588 1883 824 1918 communis
853 1879 929 1924 L.‚
971 1892 992 1916 a
1024 1878 1180 1919 Graecis
1219 1876 1385 1935 νάρθηξ,

196 1948 233 1985 in
266 1947 373 1986 ltalia
402 1949 587 1993 Ferula,
621 1948 667 1985 ab
694 1947 829 1999 Anglis
848 1948 1015 1994 femtel
1038 1951 1171 1997 gimel
1199 1947 1276 1985 sive
1306 1947 1385 1985 foe-

196 2016 358 2053 niculum
398 2016 619 2069 giganteum
658 2015 774 2061 dicta,
814 2029 834 2052 e
873 2014 1031 2060 crassis,
1069 2016 1247 2060 ramosis,
1286 2015 1385 2053 intus

197 2083 411 2121 medullosis
441 2084 620 2129 caulibus,
652 2083 714 2134 qui
745 2084 870 2121 decem
902 2084 1014 2134 pedes
1034 2083 1189 2134 amplius
1211 2091 1385 2135 surgunt,

197 2150 289 2189 folia
319 2151 454 2189 emittit
484 2151 662 2190 foeniculi
692 2156 730 2189 et
759 2151 901 2202 amplos
931 2150 1126 2200 corymbos
1156 2150 1259 2188 lloris
1282 2151 1385 2197 lutei,

197 2218 261 2268 qui
290 2219 491 2256 secundum
521 2219 682 2257 Plinium
713 2219 818 2265 xxi,
855 2224 879 2258 9
908 2232 939 2256 s·
972 2224 1025 2257 30
1056 2220 1101 2256 ad
1133 2227 1256 2258 serta
1284 2219 1384 2257 adbi-

197 2284 392 2323 bebantur.
464 2287 602 2324 Caules
657 2287 767 2325 etiam
820 2299 919 2325 nunc
967 2286 1135 2325 homiues
1189 2286 1382 2325 meridiani
