1472 2620
169 153 229 193 54
352 128 361 133 ”
493 148 692 186 ECLOGA
719 149 779 194 νι,
808 153 1006 188 74—76.

169 265 234 306 73,
265 261 445 298 dracaena
473 266 553 298 erat
581 273 647 297 sex
677 260 876 311 capitibus,
919 272 1015 310 qnae
1044 261 1142 298 celso
1183 276 1230 300 ex
1261 275 1326 300 an-

169 332 227 364 tro
258 339 392 364 exesae
423 327 522 378 rupis
555 327 742 365 duodecim
766 328 877 379 pedes
898 327 1041 378 priores
1063 334 1101 365 et
1132 341 1199 365 sex
1234 331 1331 367 colla

168 393 332 431 immanis
360 393 601 446 longitudinis
630 395 863 448 porrigeret,
908 395 1038 446 quibus
1076 395 1214 432 belluas
1254 410 1327 434 ma-

168 460 268 497 rinas
298 460 528 511 piscabatur,
573 467 610 499 et
639 475 706 500 sex
743 463 906 500 homines
940 462 1062 512 Ulyssi
1093 462 1198 499 simul
1228 462 1333 501 aufe-

168 528 284 566 rebat.
350 528 582 567 Posteriores
621 534 751 580 poe'tae
789 530 922 568 aetatis
958 529 1178 568 Pindaricae
1217 530 1329 582 (Epp.

167 595 281 645 Myth.
313 596 340 642 l,
372 601 441 648 33)
468 596 638 647 paulatim
668 596 819 636 formam
847 599 926 649 ejus
957 597 1164 643 mutabant,
1197 604 1232 635 et
1265 612 1330 649 po-

168 668 338 700 stremum
368 664 556 714 nympham
587 665 760 702 marinam
790 665 826 702 iu
857 664 981 702 radice
1011 665 1112 716 rupis
1135 666 1330 715 Scyllaeae

165 727 376 782 fingebant,
421 732 537 769 cauda
573 732 734 782 delphini
769 733 825 770 vel
864 732 972 783 piscis
1003 733 1060 770 vel
1090 733 1246 783 hydrae,
1292 738 1331 772 et

166 796 265 834 circa
303 797 456 849 inguina
492 799 617 848 phocis
653 800 709 837 vel
747 800 841 850 lupis
878 800 1130 845 exstantibus,
1177 814 1329 851 quorum

167 869 204 901 et
233 877 418 902 numerum
449 871 486 903 et
517 866 734 916 positionem
765 867 810 904 ad
846 880 946 904 suam
979 868 1228 918 unusquisque
1267 882 1330 906 vo-

165 930 340 968 luntatem
372 931 617 971 inveniebant.
675 935 786 971 Ortus
817 947 960 984 quoque
983 935 1164 972 variabat.
1222 935 1329 985 Apud

165 997 358 1035 Homerum
381 1000 586 1038 Crataeidis
616 1000 691 1038 filia
722 1015 827 1051 quum
850 1015 931 1038 esse
962 1001 1165 1047 diceretur,
1197 1016 1329 1052 paren·

164 1069 220 1101 tes
256 1065 301 1103 ab
333 1066 492 1105 Hesiodo
524 1068 772 1106 Phorbantem
809 1074 845 1105 et
875 1069 1038 1105 Hecaten
1077 1070 1238 1119 accepit3
1282 1071 1329 1108 ab

163 1131 335 1170 Acusilao
374 1139 411 1171 et
446 1135 628 1186 plerisque
658 1136 848 1184 Phorcyn,
888 1144 1026 1185 patrem
1058 1136 1260 1173 Graearum
1291 1142 1330 1174 et

165 1200 401 1251 Gorgonum,
432 1208 469 1239 et
494 1203 657 1240 Hecaten
690 1202 910 1254 cognomine
935 1203 1160 1248 Crataeidisg
1191 1217 1212 1241 a
1243 1207 1327 1242 Ste-

163 1266 307 1305 sichoro
328 1268 511 1317 Lamiam3
540 1271 585 1308 ab
607 1270 707 1316 aliis,
739 1283 830 1320 quos
851 1270 1022 1321 Hyginus
1052 1277 1089 1307 et
1112 1271 1329 1309 Eustathius

164 1347 236 1371 non
268 1336 473 1383 nominant,
519 1338 739 1389 Typhonem
779 1343 816 1373 et
846 1337 1060 1383 Echidnam,
1108 1338 1163 1376 vel
1194 1339 1327 1377 Trito-

164 1413 264 1447 nem,
294 1404 372 1452 qui,
404 1406 498 1454 quod
530 1405 693 1449 videtur,
725 1417 831 1454 quum
864 1404 1012 1455 primum
1045 1404 1166 1443 fabula
1202 1407 1321 1444 trade·

162 1473 281 1514 retur,
327 1470 402 1521 jam
441 1477 512 1508 tum
550 1485 629 1509 cum
667 1471 741 1508 tilia
783 1484 848 1508 sua
887 1472 1140 1510 semimarinae
1180 1474 1324 1512 belluae

160 1536 321 1588 imagine
344 1536 564 1590 fingebatur,
596 1540 688 1589 ΕΜ».
715 1539 829 1588 Myth.
860 1539 904 1585 ll,
937 1545 999 1577 23.
1056 1541 1186 1577 Verum
1213 1542 1321 1579 etiam

160 1603 373 1655 Megarensi
402 1608 599 1655 Scyllae,
647 1605 745 1643 A‘isi
779 1606 880 1657 regis
921 1605 1018 1644 filine
1055 1608 1124 1645 Lb.
1158 1609 1190 1654 Ι,
1228 1615 1322 1655 ⁴04,

160 1683 271 1720 quae,
318 1672 414 1722 quod
451 1673 612 1710 Minoem
654 1673 865 1719 adamabat,
915 1674 1008 1723 patri
1044 1687 1110 1711 suo
1154 1676 1322 1726 capillum

160 1751 376 1789 purpureum
406 1740 579 1786 abscidit,
626 1746 682 1786 et,
731 1753 883 1791 poenam
921 1746 963 1778 ut
997 1741 1174 1787 soh-eret,
1221 1744 1318 1790 ciris,

159 1806 236 1844 avis
266 1807 422 1853 marina,
454 1807 553 1846 facta
583 1812 651 1853 est,
673 1808 892 1859 Propertius
923 1814 959 1845 et
980 1809 1129 1846 Ovidius
1152 1817 1188 1847 et
1215 1824 1322 1849 enar-

159 1879 260 1911 rator
290 1874 544 1925 Lycophronis
581 1874 733 1913 formam
775 1875 968 1913 semiferae
1007 1876 1103 1913 illius
1143 1880 1323 1929 nymphae

160 1941 318 1980 marinae
341 1942 520 1988 tribuunt,
554 1949 590 1980 et
616 1944 743 1980 Gallus
772 1944 808 1981 in
833 1943 929 1981 Ciris
954 1957 986 1982 v.
1012 1948 1063 1982 54
1087 1952 1216 1983 auctor
1250 1954 1318 1986 est.

159 2010 347 2047 multorum
377 2015 414 2048 et
452 2010 723 2060 praeclarorum
760 2016 947 2061 poetarum
980 2012 1072 2049 hauc
1111 2013 1318 2062 opinionem

159 2076 282 2115 fuisse.
341 2079 543 2115 Enarrator
570 2078 821 2129 Lycophronis
853 2080 1020 2125 tradidit,
1052 2080 1086 2116 in
1118 2082 1206 2116 mari
1230 2093 1319 2130 quo-

158 2158 228 2195 que
258 2146 560 2196 pulchritudinem
584 2160 683 2183 suam
705 2147 750 2184 ab
770 2147 873 2184 initio
902 2147 1113 2185 incolumem
1136 2159 1317 2193 servasse,

158 2217 196 2250 et
219 2226 241 2251 a
272 2214 440 2265 Neptuno
470 2219 626 2252 amatam
657 2227 756 2256 esse:
793 2216 857 2252 sed
888 2215 1043 2253 invidam
1074 2214 1315 2264 Amphitriten

158 2281 307 2319 venenis
337 2282 524 2330 effecisse,
555 2289 596 2321 ut
627 2289 826 2321 mutaretur
855 2289 892 2322 et
928 2296 994 2321 sex
1024 2283 1227 2335 singularia
1256 2296 1316 2320 ca·
