1515 2620
196 142 283 183 uo
577 132 782 170 ECLOGA
811 131 910 178 vui,
941 136 1008 170 21.

196 243 503 297 extemporalium
536 243 572 280 in
603 256 700 295 agro
731 247 1043 288 commentorum,
1080 255 1174 292 quos
1204 249 1286 282 arte
1317 257 1383 282 ex·

197 315 318 353 cultos
356 324 481 349 coram
522 310 702 362 Virgilius
739 310 931 361 producit,
972 310 1110 347 nullum
1143 309 1243 347 aliud
1273 310 1384 349 facile

197 381 330 424 fuerit,
384 377 455 414 nisi
496 381 536 414 ut
575 377 690 414 otium
728 378 781 415 ita
817 378 998 415 haherent
1036 377 1082 414 ad
1122 376 1384 415 meditandum.

197 447 313 484 Talia
351 445 542 496 prooemia
579 458 602 482 a
638 445 820 482 redeunte
858 458 968 482 versu
1008 444 1119 495 hujus
1158 445 1385 496 argumenti,

197 527 371 558 cauam,
402 524 516 562 saepe
547 511 690 548 initium
721 512 940 562 capiebant,
973 517 1011 548 et
1041 506 1254 566 floriacum,
1287 525 1388 563 προ-

200 577 360 628 αύλιον,
410 573 681 631 προαύλημα,
733 580 832 630 apud
872 579 1042 616 fidicines
1073 574 1387 631 προανάκρθσις,

200 641 511 700 προκιθάρισμα
542 646 837 697 appellabantur.
898 647 990 684 Erat
1021 660 1180 697 quoque,
1211 646 1273 683 uhi
1302 659 1390 684 con·

197 715 387 754 clusiones
417 714 597 764 quaedam
627 712 739 751 finem
762 714 1018 764 imponerent,
1051 714 1120 751 hac
1141 713 1389 765 praefatione,

197 785 351 827 cecini,
384 775 672 832 ἕπιμελῴὸημα
704 786 740 817 et
771 777 907 833 ἐπῳὸιῖ
939 782 1074 818 dictae.
1135 782 1301 832 [traque
1332 779 1392 818 hic

199 864 275 887 non
316 848 434 885 minus
472 851 580 893 sunt,
619 860 727 897 quam
767 848 803 884 in
842 848 970 898 primis
1002 848 1202 886 Theocriti
1234 854 1272 885 et
1303 847 1390 885 Bio-

200 917 258 954 nis
276 915 433 965 idylliis3
465 926 684 965 quamquam
704 915 902 952 Theocriti
929 915 1094 965 Thyrsis
1111 928 1260 953 carmen
1283 927 1389 951 suum

201 988 292 1020 tunc
322 982 468 1033 quidem
501 987 644 1019 tantum
675 982 887 1033 repetitum,
921 996 994 1018 non
1026 996 1159 1019 recens
1189 982 1391 1028 inventum,

201 1055 240 1087 et
271 1049 344 1086 isto
376 1054 545 1100 tempore
576 1050 658 1087 sine
689 1048 816 1086 fistula
846 1050 1035 1093 decantat,
1069 1050 1184 1086 Panis
1207 1049 1392 1087 reveritus

201 1117 306 1154 iram.
379 1116 607 1154 Germaniae
652 1116 775 1166 poe'tis
820 1116 1065 1166 popularibus
1112 1129 1284 1154 versuum
1323 1117 1394 1153 hoc

203 1196 326 1236 genus
357 1182 660 1229 intercalarium,
702 1197 814 1234 quum
845 1184 1079 1221 consuetudo
1112 1184 1174 1221 illa
1204 1183 1395 1234 popularis

203 1250 312 1288 nobis
343 1263 418 1287 non
448 1250 509 1296 sit,
541 1251 695 1288 concedi
726 1264 800 1288 non
832 1264 943 1302 posse
973 1251 1140 1297 videtur3
1172 1256 1274 1288 recte
1304 1264 1395 1289 vero

205 1318 307 1355 uliud
345 1317 552 1367 quoddam,
605 1319 703 1368 quod
741 1319 788 1356 ad
824 1332 900 1356 rem
933 1318 1078 1356 interea
1108 1319 1294 1371 agendam
1324 1317 1397 1355 ali-

207 1396 317 1435 quam
354 1384 520 1422 canitur:
566 1386 694 1435 quale,
745 1386 827 1422 dum
867 1386 1015 1437 magica
1046 1387 1195 1438 vertigo
1226 1385 1398 1424 volvetur

207 1450 308 1489 infra
350 1464 385 1489 v.
425 1456 476 1490 68
519 1456 556 1488 et
596 1453 693 1502 apud
732 1453 1003 1498 Theocritum,
1057 1459 1122 1490 aut
1159 1452 1232 1490 fusi
1262 1452 1399 1490 fatales

210 1517 308 1568 apud
353 1518 538 1554 Catullum
578 1518 707 1565 Lxu3
760 1524 819 1564 et,
865 1519 935 1555 nisi
974 1521 1068 1557 male
1107 1520 1213 1557 nohis
1244 1520 1401 1557 cedebat

210 1589 391 1630 conatus,
431 1585 515 1621 dum
547 1589 761 1635 tympanum
794 1586 1018 1623 Druidarum
1051 1593 1254 1624 murmurat
1285 1600 1401 1638 prope

211 1665 346 1690 cascae
383 1651 512 1704 gentis
550 1651 620 1689 viri
662 1652 837 1689 tumulum
857 1654 909 1704 ⁰).
970 1653 1136 1691 Fennico
1174 1659 1297 1692 tamen
1336 1654 1403 1692 uli·

211 1719 273 1757 cui
316 1718 526 1756 Theocrito
574 1719 676 1769 prius
720 1733 868 1770 quoque
913 1733 1037 1772 genus
1084 1721 1303 1771 permissum
1340 1721 1403 1758 sit.

212 1786 426 1823 Secundum
457 1786 640 1824 Porthani
672 1787 768 1824 euim
799 1788 1025 1838 scriptiones
1056 1789 1108 1825 de
1135 1792 1260 1837 poesi
1290 1788 1405 1826 Fen-

213 1856 317 1892 nica
349 1850 472 1903 (Go'tt.
504 1854 599 1891 Anz.
632 1860 739 1893 1779
772 1857 829 1892 St.
861 1856 933 1906 96)
966 1855 1137 1907 magistri
1162 1855 1305 1893 rhunici
1328 1868 1403 1892 non

215 1920 455 1958 commentati
486 1919 648 1972 fingunt,
681 1923 880 1960 emendata
912 1923 1101 1968 oratioue,
1135 1923 1224 1960 trita
1254 1922 1404 1974 fugien-

216 1992 287 2033 tes,
318 1987 521 2024 audacibus
553 1986 686 2039 liguris
718 1995 755 2026 ct
785 1990 1072 2035 iuven-sionibus,
1106 1996 1142 2027 et
1173 1989 1296 2026 multis
1317 1989 1403 2026 suh-

218 2053 447 2100 tilitatihus,
523 2055 656 2105 quibus
718 2069 780 2094 ars
839 2058 1026 2095 rhetorica
1082 2056 1230 2094 nomina
1297 2056 1404 2094 indit.

217 2120 358 2173 Nempe
393 2121 431 2158 in
468 2121 612 2159 Fennia
650 2130 885 2161 correctores
922 2131 1010 2162 sunt
1054 2123 1169 2168 nulli,
1200 2123 1263 2173 qui
1293 2124 1403 2161 ardo·

311 2264 348 2303 ⁰)
396 2265 472 2296 Joh.
492 2267 593 2298 Henr.
619 2267 727 2299 rossia·
741 2268 870 2309 idyllia.
916 2266 1407 2310 Regi01nonti1801p.17lss.
