1515 2620
431 146 638 186 ECLOGA
667 145 716 193 X,
751 148 929 185 13—15.
1202 151 1288 192 201

213 262 392 300 13—15.
451 260 558 310 lpsae
588 260 700 305 deae,
732 272 886 310 quarum
916 257 1083 309 spirabat
1111 257 1288 303 carmina,

99 325 349 364 deseruerunt
388 325 586 372 afflictum3
633 339 742 377 quum
788 326 845 364 vel
891 325 1005 363 colles
1043 323 1213 362 lauriferi
1251 330 1289 361 et

98 393 216 433 valles
246 393 487 443 myricarum,
518 394 543 431 i.
574 406 607 431 e.
639 398 774 444 poetae
804 398 841 430 et
871 392 1046 429 sublimes
1076 398 1113 429 et
1143 390 1288 429 tenuio-

98 473 183 506 res,
219 460 300 511 ejus
337 460 628 498 misericordiam
667 465 869 507 sonarent3
915 472 1023 509 quum
1055 459 1110 497 vel
1143 463 1288 496 montes

98 526 273 564 Arcadici
303 539 325 564 a
354 527 456 564 luctu
487 532 700 578 streperent
729 533 940 578 pastorum,
979 532 1193 576 postquam,
1225 539 1287 576 pe-

100 599 185 631 tens
223 594 270 631 ab
307 593 352 630 iis
383 594 578 639 solatium,
625 593 795 631 defessus
833 594 869 630 in
901 599 1011 630 antro
1041 593 1285 630 recubuerat:

99 660 124 698 i.
155 673 189 698 e.
220 673 330 711 quum
360 662 419 699 vel
450 674 544 713 ego,
583 665 775 711 poetarum
806 660 1046 705 humillimus,
1088 665 1286 710 rogantem

100 731 232 778 pastor
270 728 435 766 carmine
464 727 649 766 consoler.
680 749 734 755 —
764 727 996 765 Theocritus
1026 725 1289 777 exprobratio-

100 807 185 832 nem
216 794 334 841 illam,
384 795 446 845 qui
482 794 565 833 fieri
603 794 785 846 potuerit,
833 799 876 832 ut
913 794 1102 844 Nymphae
1139 792 1290 830 Siculae

102 861 334 913 Daphnidem
351 875 456 899 suum
476 862 729 914 negligerent,
760 862 1012 900 additamento
1033 853 1139 898 auxit
1161 861 1187 906 l,
1213 865 1286 899 71:

190 938 293 970 Hunc
318 937 420 970 etiam
445 937 555 978 thoes,
583 937 685 979 prob!
711 938 801 970 hunc
824 938 951 970 flevere
976 937 1130 981 lupique,

190 992 360 1037 Huncque
384 994 438 1027 leo
462 993 592 1035 gemuit
615 992 761 1026 dumetis
786 992 890 1026 satum
915 994 1107 1026 obeuntem.

101 1061 287 1101 Laurus
320 1062 365 1108 ll,
397 1067 463 1107 54,
494 1063 606 1099 arhor
622 1067 798 1100 montana
828 1062 941 1100 Lucr.
961 1062 1020 1107 vl,
1055 1065 1147 1108 151,
1177 1062 1290 1112 Apol-

101 1128 170 1166 lini
205 1141 314 1166 sacra
349 1135 433 1166 erat
464 1130 542 1167 1301.
575 1130 643 1175 ΙΙΙ,
684 1135 758 1175 63,
795 1130 900 1180 cujus
937 1129 973 1166 in
1011 1142 1120 1166 sacro
1150 1137 1291 1167 monle

101 1195 293 1234 Parnasso
323 1195 500 1246 imprimis
530 1196 724 1234 crescebat
755 1196 824 1233 Lb.
857 1197 908 1242 ll,
946 1202 1017 1243 183
1047 1196 1133 1233 inde
1163 1196 1290 1248 magni

57 1281 63 1287 ·
102 1267 239 1314 poetae
269 1262 493 1310 Delphica
520 1266 649 1301 lauro
681 1263 852 1301 coronati
883 1269 983 1309 sunt,
1015 1264 1107 1302 Hor.
1133 1264 1202 1301 Od.
1227 1264 1289 1309 lll,

105 1336 172 1370 30.
203 1329 265 1377 lv,
298 1335 336 1368 2.
394 1332 588 1381 Illyrica,
620 1332 756 1382 plagae
787 1330 1039 1368 meridionalis
1069 1330 1196 1368 frutex
1227 1344 1290 1381 pa·

53 1440 56 1443 ,
102 1398 241 1444 luster,
287 1411 393 1448 quem
425 1398 585 1435 Basilius
614 1397 815 1436 hexaem.
848 1401 870 1436 5
903 1398 1008 1447 quasi
1040 1397 1206 1434 bifariam
1239 1397 1291 1435 vi-

102 1470 250 1503 ventem
279 1465 454 1515 appellat,
486 1463 641 1516 bis'jam
675 1465 736 1510 lv,
767 1469 804 1502 2.
838 1465 896 1509 vl,
931 1469 982 1502 10
1012 1464 1060 1501 ad
1090 1464 1291 1515 imaginem

102 1535 264 1582 poeseos
301 1531 504 1569 humilioris
533 1532 792 1569 adhibebatur.
851 1531 920 1568 Hic
949 1531 1096 1568 tandem
1128 1531 1292 1580 myricae

102 1598 374 1650 intelligendae
405 1598 481 1635 sint
510 1599 557 1636 ad
574 1599 764 1635 Musarum
783 1598 958 1634 montium
975 1599 1134 1635 radices.
1167 1598 1291 1636 cerda

104 1670 237 1703 auctor
267 1670 338 1710 est,
371 1665 552 1715 ll'lyricaei
583 1670 620 1702 et
635 1664 807 1714 lllyricini
827 1665 1051 1716 cognomina
1080 1666 1290 1716 Apollinem

105 1732 302 1778 habuisse,
346 1732 583 1782 myricaeque
621 1732 735 1769 Lesbi
779 1745 918 1769 ramum
957 1745 1066 1769 mauu
1104 1732 1290 1779 teuuisse3

105 1800 206 1837 unde
235 1799 409 1850 myricam
454 1800 614 1850 plantam
645 1799 823 1849 appellari
856 1799 1056 1837 fatidicam.
1117 1800 1172 1836 lta
1202 1813 1291 1851 gra-

107 1867 218 1904 duum
254 1867 290 1904 in
329 1867 487 1904 dicendo
518 1871 576 1903 est
606 1866 854 1917 perpetuitas:
905 1867 987 1917 lpsa
1018 1867 1140 1917 capita
1170 1869 1291 1917 ipsae-

107 1947 179 1985 que
218 1934 364 1971 radices
403 1934 577 1970 montium
608 1934 796 1971 Musarum
830 1934 927 1970 Galli
965 1934 1152 1972 miscritae
1190 1940 1291 1980 sunt,

105 2002 194 2048 imo,
228 2002 326 2051 quod
357 2002 474 2052 majus
504 2001 565 2047 sit,
597 2006 728 2038 cautus
760 2006 948 2051 pastor-un·
966 2002 1149 2038 Arcadum
1181 2001 1292 2039 etiam

107 2068 293 2114 humilior,
325 2081 431 2118 quem
452 2067 704 2119 Virgiliusll,
738 2073 758 2105 2
793 2068 898 2117 quasi
929 2068 1294 2105 umbratilemlusum

108 2135 242 2173 Musae
278 2147 370 2172 suae
407 2140 576 2173 excusat.
637 2135 713 2171 lsta
742 2134 941 2171 carminum
972 2135 1224 2172 sublimiorum
1256 2142 1295 2174 et

109 2200 320 2240 tenuiorum
350 2202 531 2239 solamina
562 2208 707 2252 tempus
739 2201 845 2237 uobis
876 2201 1018 2239 invidit.
1063 2202 1118 2239 Ab
1149 2202 1294 2254 ignaris

110 2268 279 2320 regulae,
311 2281 501 2307 caesuram
520 2281 645 2320 saepe,
677 2268 823 2306 hiantes
843 2269 991 2307 vocales
1011 2283 1055 2307 ne
1072 2269 1292 2320 liquescunt,
