1515 2620
463 142 670 183 ECLOGA
699 143 797 191 vlu,
829 148 1011 185 95—99.
1239 154 1329 194 149

133 261 215 301 tae,
263 268 338 293 una
379 268 461 293 cum
499 270 590 295 ense
619 270 803 308 cereaque
840 257 990 309 effigie,
1036 257 1257 296 cremandae
1289 266 1327 298 et

133 322 238 373 ipsae
267 321 304 359 in
335 335 469 375 rogum
499 322 724 362 inferuntur.
784 324 866 362 Non
897 337 1007 362 secus
1037 338 1058 362 a
1085 326 1326 376 pharmaceu-

132 388 207 427 tria
237 390 438 428 Theocriti
467 403 503 429 v.
536 393 613 429 53:

223 467 325 499 Hunc
350 467 490 499 limbum
516 465 724 508 chlamydis,
750 477 851 510 quein
876 466 1019 510 Delphis
1045 469 1205 511 perdidit,
1232 479 1324 512 ecce,

222 523 326 555 Hunc
350 532 416 563 ego
441 521 638 565 discerpens
665 522 783 555 avidos
809 522 950 556 demitto
976 534 1038 566 per
1060 524 1172 566 ignes.

132 592 213 629 Suo
251 590 367 642 ipsius
408 592 553 629 limini
585 591 672 628 nihil
704 590 746 628 fit
776 592 821 629 ab
854 592 944 638 ista3
983 593 1029 629 ad
1060 593 1168 629 limen
1200 598 1322 631 autem

131 658 310 695 amatoris
356 671 530 708 superum
576 658 678 697 virus
716 672 783 710 per
821 658 960 696 sociam
999 658 1184 710 magicum
1222 661 1326 698 alliui

130 730 238 764 curat
268 739 304 765 v.
334 729 407 764 58:

265 825 363 858 Haec
388 826 477 858 inala
500 824 580 858 trita
604 824 664 858 tibi
690 828 805 868 potatu
833 824 876 857 sit
901 825 1135 864 salamandr-33

268 879 438 921 Thestyli,
465 891 554 913 nunc
580 880 701 913 herbas
726 880 786 912 has
811 885 844 913 tu
871 891 973 923 cape3
1001 881 1154 923 postibus
1179 884 1280 924 atquc

266 934 361 968 Illius
386 935 473 967 adde
497 946 620 978 super3
646 946 722 968 inea
747 946 843 967 inens
869 936 983 969 delixa
1007 941 1144 969 tenetur

266 990 412 1035 Semper
436 990 564 1034 quippe
587 991 728 1034 quibus;
755 994 850 1024 curat
875 1002 938 1024 nec
963 993 1112 1034 perfidus
1137 992 1211 1032 ille;

267 1047 421 1090 Inspuito
446 1047 582 1080 dicens:
616 1047 685 1081 Hic
706 1047 885 1090 Delphidis
911 1058 989 1080 ossa
1013 1058 1182 1091 perungo.

132 1127 283 1180 Virgilii
321 1141 432 1179 maga
462 1127 625 1180 pignora
655 1128 722 1164 sub
754 1141 833 1165 suo
866 1126 1006 1175 ipsius
1038 1130 1190 1166 limiae
1220 1127 1326 1165 defo-

132 1194 204 1240 dit,
235 1207 348 1246 supra
379 1194 478 1245 quod
511 1194 679 1245 Daphnis
710 1199 783 1232 tani
815 1208 930 1245 saepe
960 1208 1089 1232 amans
1122 1195 1169 1232 ad
1199 1207 1326 1231 auian-

131 1266 205 1299 tem
244 1261 440 1313 ingressus
479 1269 580 1307 erat,
617 1268 659 1299 ut
696 1263 844 1300 arcanis
883 1263 945 1300 illa
975 1262 1116 1299 viribus
1146 1274 1325 1312 vaporum

132 1329 365 1367 terrestrium
397 1342 478 1366 eum
509 1330 711 1366 attrahant.
773 1331 899 1371 Quare
930 1343 952 1366 a
983 1338 1131 1374 terra,
1167 1328 1219 1365 rei
1250 1342 1325 1366 ma-

131 1396 242 1448 gicae
272 1396 468 1448 adjutrice,
499 1396 633 1433 Medea
663 1397 758 1446 apud
794 1396 963 1433 Ovidium
998 1397 1104 1435 silet.
1135 1395 1210 1439 ΙἸΙ,
1247 1399 1324 1432 197

131 1463 310 1501 auxilium
342 1468 528 1513 precatur.
588 1464 692 1500 Anus
723 1463 818 1513 apud
846 1462 1015 1500 Ovidium
1031 1463 1149 1509 fasc.
1170 1463 1214 1506 Il,
1242 1465 1321 1499 573

132 1530 243 1568 etiam
279 1528 470 1566 sollertior
509 1529 628 1566 tribus
666 1529 796 1581 digitis
836 1529 908 1566 tria
945 1543 1067 1580 grana
1106 1529 1224 1565 thuris
1255 1527 1322 1564 sub

130 1596 258 1635 limine
289 1596 395 1647 ponit
425 1596 461 1633 iu
493 1610 586 1634 cavo
618 1597 750 1640 inuris;
790 1597 964 1645 quoniam
997 1596 1154 1632 Graecis
1188 1597 1322 1632 Roma-

131 1664 263 1714 nisque
301 1675 381 1700 mus
421 1662 545 1701 divino
582 1663 741 1713 quodam
779 1675 826 1699 ex
867 1668 991 1699 terrae
1022 1662 1323 1700 exhalationibus

130 1731 264 1782 spiritu
301 1729 423 1768 afflari
461 1730 677 1775 videbatur,
721 1730 819 1779 quod
850 1730 895 1766 de
925 1730 1098 1780 Apolline
1128 1730 1321 1766 Smintheo

131 1798 299 1835 dicentes
345 1797 573 1834 docebimur.
635 1797 828 1842 Debent,
875 1797 981 1846 quasi
1027 1811 1092 1834 aes
1137 1798 1321 1847 quoddam

131 1865 313 1909 alienu1n3
353 1864 583 1914 Daphnidem
613 1877 730 1902 meum
762 1864 807 1902 ab
838 1864 902 1911 iis,
933 1864 1039 1914 quasi
1069 1878 1092 1902 a
1121 1863 1320 1916 praedibus

130 1932 362 1984 quibusdam,
394 1936 538 1981 repeto.

247 2002 440 2037 95-99,
502 1998 558 2034 Ad
602 2010 703 2035 aram
742 1998 778 2034 in
816 1998 996 2036 interiore
1034 2000 1120 2037 aula
1156 1999 1320 2044 rediens,

130 2065 267 2104 herbas
298 2078 396 2102 nunc
426 2065 552 2102 adolet
580 2070 784 2103 venenatas
813 2066 1005 2111 Ponticas,
1037 2079 1189 2115 quarum
1221 2065 1321 2103 vires

131 2133 285 2171 multum
317 2132 409 2169 istas
437 2132 484 2169 ab
516 2131 621 2168 initio
652 2146 685 2170 v.
718 2136 769 2172 65
801 2138 906 2169 ustas
928 2138 1119 2184 superant.
1150 2155 1203 2160 -
1237 2133 1319 2182 lpse

132 2198 295 2245 Moeris,
325 2211 483 2250 mugnus
513 2198 549 2235 in
581 2199 709 2236 eadem
739 2199 896 2251 regione
926 2213 1072 2253 inagus,
1103 2213 1151 2238 ex
1180 2199 1319 2238 Ponto

134 2279 200 2306 ean
230 2279 297 2318 per
326 2265 549 2318 conjunctos
579 2265 712 2305 famosi
742 2267 851 2306 istius
880 2273 1061 2306 terrarum
1093 2267 1224 2320 anguli
1242 2281 1318 2305 ma-
