1472 2620
451 119 651 157 ECLOGA
681 119 748 177 vl,
795 122 984 157 62—63.
1252 126 1312 164 59

139 232 278 269 laevam
308 234 448 281 partem
479 229 684 281 propinquo
708 229 787 266 sole
811 229 1087 281 nigrescebant,
1118 235 1168 275 et,
1199 243 1308 280 quum

139 297 197 336 vel
226 298 273 335 ad
302 298 470 336 dextram
499 310 628 336 versus
659 309 770 346 supra
800 302 934 334 terram
967 311 1096 335 currus
1126 298 1306 335 avehere-

138 368 218 410 tur,
264 365 528 403 Phaethontem
566 362 716 401 fulmine
746 364 892 414 Jupiter
923 366 957 402 in
991 365 1191 402 Eridanum
1221 379 1308 416 pro-

139 431 307 469 cellebat.
367 431 420 469 lbi
445 435 667 483 prostratum
692 444 842 468 sorores
870 433 1118 482 reperiebant,
1150 439 1187 471 et
1213 447 1308 471 moe-

141 512 227 536 rore
256 498 292 536 in
323 498 480 550 populos
510 498 640 550 nigras
672 499 917 544 mutabantur,
951 513 1100 549 quarum
1125 501 1309 552 lacrymae

139 566 185 604 ab
229 570 342 603 noctu
380 566 560 604 redeunte
598 565 676 602 sole
715 566 760 602 ad
800 566 974 602 electrum
1007 566 1179 616 (lapidem
1212 569 1308 605 sola-

141 634 235 685 rem)
276 633 354 671 sive
390 633 576 671 succinum
607 632 914 679 indnrescebant,
953 639 990 670 et
1021 635 1186 682 Cycnus,
1225 636 1309 673 vici-

140 712 208 737 nus
239 700 410 751 princeps
441 701 641 753 Ligurum,
673 700 916 737 Phaethontis
946 705 1144 751 cognatus,
1179 714 1309 750 queru-

140 767 197 804 lus
234 768 316 805 olor
345 767 468 805 fiebat.
499 768 686 806 Fabellam
716 767 825 805 etiam
856 773 942 805 ante
973 768 1121 809 Homeri
1152 774 1309 805 aetatem

142 832 241 885 (nam
286 834 317 871 is
360 835 439 885 ipse
484 836 586 874 novit
632 833 826 886 electrum)
874 834 1081 872 Phoenices
1125 835 1310 874 invenisse

139 901 315 938 credibile
352 906 428 947 est,
483 901 546 951 qui
583 903 627 939 ab
667 902 819 939 Eridani
857 902 976 947 ostio,
1021 902 1310 941 Cassiteridibus

140 968 333 1020 oppositu,
379 968 579 1020 pretiosum
617 969 803 1006 succinum
843 969 877 1005 iu
919 970 1112 1007 Graeciam
1145 977 1311 1021 asporta-

141 1037 249 1083 bant,
298 1041 336 1074 et
379 1043 641 1082 mercaturam,
696 1049 802 1086 quam
853 1037 923 1074 soli
967 1037 1172 1083 faciebant,
1223 1038 1311 1074 diris

140 1103 279 1142 Oceani
308 1104 512 1156 prodigiis,
544 1109 601 1149 et,
632 1103 663 1140 si
696 1103 801 1153 quis,
833 1104 952 1154 qualis
985 1106 1219 1150 Herodotus,
1250 1119 1310 1143 cu-

140 1171 276 1209 riosior
314 1172 359 1209 ad
397 1171 695 1223 investigandum
737 1178 951 1221 quaereret,
995 1172 1160 1218 inscitia,
1206 1186 1310 1223 quam

141 1239 429 1289 praetexebant,
468 1238 564 1276 tueri
600 1238 785 1276 volebant.
846 1239 899 1276 Ab
938 1240 1005 1277 hac
1048 1240 1223 1290 opinione
1253 1253 1311 1277 or-

141 1305 265 1352 diens,
309 1305 341 1342 si
378 1305 459 1356 quis
497 1305 675 1355 reliquas,
723 1319 816 1355 quae
855 1307 889 1342 in
929 1307 1099 1344 doctrina
1129 1308 1174 1344 de
1205 1307 1313 1344 terris

141 1372 263 1410 tactae
292 1377 392 1417 sunt,
423 1373 645 1410 mutationes
676 1373 926 1422 persequitur:
959 1379 1114 1410 cunctae
1145 1374 1190 1420 ei,
1222 1387 1312 1424 quas

140 1439 283 1478 Plinius
316 1437 531 1492 [xxxvn,
568 1446 637 1485 11,
671 1438 821 1491 2—3.}
857 1439 961 1476 nobis
992 1446 1030 1477 et
1059 1440 1121 1478 alii
1152 1441 1311 1478 tradide—

140 1512 245 1554 runt,
277 1508 506 1546 Graecorum
537 1507 582 1544 de
613 1507 755 1544 Celtico
787 1507 929 1544 electro
960 1508 1194 1545 narrationes
1226 1521 1311 1546 con-

138 1579 298 1628 gruunt,
343 1574 467 1625 specie
505 1575 670 1626 quamvis
701 1574 975 1612 dissimillimae.
1037 1575 1182 1612 Primus
1215 1576 1309 1613 l’hc-

139 1642 314 1693 recydes»,
353 1643 450 1692 quod
486 1643 657 1695 Hyginus
697 1647 733 1679 ct
763 1641 981 1679 scholiastes
1013 1643 1222 1680 Germanici
1253 1656 1309 1680 re-

141 1710 277 1757 ferunt,
307 1710 460 1755 Padum,
492 1724 514 1748 a
540 1710 723 1748 Phocaeis
748 1722 863 1759 nuper
881 1710 1076 1754 detectum,
1109 1710 1307 1747 Eridanum

143 1778 204 1815 alii
235 1783 364 1828 postea
394 1778 609 1815 Rhodanum
641 1790 786 1827 quoque
817 1778 980 1813 eumdem
1013 1790 1095 1813 esse
1120 1777 1307 1824 dicebant3

144 1845 195 1882 ita
232 1849 273 1881 ut
301 1845 358 1882 vel
389 1845 425 1881 in
456 1845 641 1894 Apollonii
675 1845 742 1889 lv,
784 1850 875 1882 ⁴527.
908 1844 999 1880 idem
1031 1843 1161 1882 fluvius
1193 1845 1308 1882 tribus

143 1912 258 1950 alveis
303 1916 339 1949 et
387 1911 422 1948 in
461 1912 796 1962 septemtrionalem
836 1913 1020 1948 Oceanum
1059 1911 1150 1957 illic,
1197 1918 1234 1949 et
1270 1912 1304 1949 in

144 1992 242 2017 mare
288 1979 425 2015 lonium
473 1979 550 2018 sive
594 1978 838 2024 Adriaticum,
885 1979 995 2028 inque
1033 1979 1212 2015 Sardoum
1251 1979 1307 2017 hic

143 2045 284 2084 influat.
342 2046 475 2083 Deleta
516 2047 724 2084 Poenorum
756 2052 961 2084 mercatura
992 2046 1193 2091 maritima,
1233 2059 1305 2084 una

144 2128 224 2153 cum
255 2114 384 2152 insulis
415 2114 701 2151 Cassiteridibus
733 2113 914 2151 Eridanus
945 2126 1088 2163 quoquc
1119 2113 1305 2151 clcctrifer

144 2182 301 2220 amissus
331 2187 400 2227 est,
432 2182 550 2219 donec
580 2180 782 2218 nominibus
812 2182 893 2218 aliis
924 2182 1066 2231 aliaque
1098 2180 1220 2230 specie
1243 2182 1303 2219 de-

147 2262 220 2288 nuo
250 2249 541 2301 reperiebantur.
601 2249 717 2286 Etiam
749 2260 844 2285 nunc
874 2249 1009 2287 veteris
1040 2247 1196 2286 fluminis
1225 2252 1301 2301 opi·
