1515 2620
193 164 285 205 150
515 150 722 191 ECLOGA
750 149 851 196 vm,
881 151 1060 189 58—61.

196 273 327 308 centes
376 268 522 302 montes
566 261 740 300 fluctibus
784 262 968 310 apparent
1007 257 1162 295 marinis
1196 255 1388 295 submersi.

198 337 416 374 Extremum
463 330 534 367 hoc
590 328 695 368 Vale
740 326 876 364 dictum
921 325 971 363 sit
1014 326 1230 362 silvarum
1255 325 1390 375 jugie

200 398 469 442 eminentibus,
515 400 553 433 et
597 396 642 432 de
688 392 899 444 praeruptis
949 393 1145 439 scopula
1183 390 1220 427 in
1258 388 1392 427 fluetus

201 470 347 505 amator
376 477 418 502 se
449 461 684 515 praecipitat.
710 482 763 488 —
789 459 922 497 Omnia
950 460 1042 496 haec
1071 458 1216 496 scilicet
1245 456 1394 495 actione

201 537 345 571 tantum
383 530 584 568 imitatrice
621 528 730 565 fiunt.
792 527 943 564 Similes
979 525 1098 562 minas
1136 537 1254 575 prope
1284 523 1396 560 litora

202 604 326 638 mente
355 597 445 635 ficta
475 598 612 646 κῶμος
639 594 754 632 habet
782 593 1004 631 'l‘heocritei
1035 591 1196 643 caprarii
1225 591 1291 636 ΙΙΙ,
1323 593 1394 628 24:

297 686 370 719 Vae
394 683 493 717 mihi!
535 682 616 727 quid
642 682 753 725 patior
777 681 981 724 desperans!
1009 690 1125 713 nonne
1159 675 1351 713 subaudis?

294 741 431 773 Exutus
456 739 606 772 tunicam
632 738 814 777 demergar
837 737 996 769 fluctibus
1020 735 1103 777 illic,

295 795 442 828 Retibus
467 793 635 826 insidians
660 792 798 833 thynnis
822 792 879 824 ubi
903 791 1069 835 prospicit
1093 789 1209 834 Olpis!

297 847 463 885 Quamvis
487 858 556 881 non
581 847 774 888 moriar-⁰),
802 846 876 880 viso
900 847 1038 880 laeteris
1063 845 1195 880 amata!

205 919 334 957 Saltus
373 916 562 967 desperati
598 917 757 967 impetus
795 916 1033 953 ordinatione
1069 916 1265 954 verborum
1295 912 1399 951 audi-

206 990 269 1022 tur
298 988 545 1035 praepostera
574 988 613 1020 et
642 982 868 1020 transitione
897 982 1081 1032 dactylica
1103 982 1305 1029 Deferar
1327 979 1398 1017 Lb.

206 1052 243 1096 l,
286 1056 382 1089 333.
443 1050 573 1088 Gallus
610 1050 647 1087 in
679 1049 756 1086 Ciri
787 1063 821 1087 v.
855 1055 934 1088 302
967 1049 1136 1086 dixerat:
1180 1049 1401 1095 Praeceps

207 1120 326 1156 ae'rii
364 1119 547 1163 specula
585 1118 638 1153 tle
667 1118 824 1152 montis
855 1115 1050 1159 emisses,-
1091 1114 1281 1166 ingeniosi
1311 1115 1402 1152 ado-

207 1183 386 1221 lescentis
431 1182 672 1220 absoluturus
711 1181 932 1233 imaginem,
979 1181 1179 1233 Virgilius,
1232 1181 1402 1232 Raphael

209 1249 316 1300 quasi
347 1248 502 1299 aliquis,
545 1248 808 1286 lineamentum
838 1248 981 1285 addidit
1011 1247 1239 1298 speciosum,
1278 1261 1403 1298 quem-

209 1316 405 1353 admodum
443 1316 512 1360 vl,
551 1320 617 1354 77.
677 1315 941 1353 Eaecremum
978 1329 1134 1353 munus
1163 1319 1404 1361 morientis,

210 1381 290 1426 hic,
322 1382 627 1431 quemadmodum
658 1382 756 1432 apud
787 1382 1055 1428 Theocritum,
1087 1395 1168 1420 cum
1199 1383 1405 1420 acerbitate

211 1447 390 1499 gaudium
430 1448 520 1484 dicit
559 1448 781 1496 desperans,
826 1449 923 1497 quod
962 1462 1010 1485 ex
1042 1449 1139 1486 saltu
1169 1449 1293 1499 puella
1323 1461 1406 1486 cru-

213 1513 308 1550 delis
347 1513 538 1563 percipiet.
600 1513 732 1549 lisdem
770 1514 961 1550 vocabulis
993 1515 1028 1550 in
1062 1515 1138 1551 Ciri
1169 1529 1203 1552 v.
1237 1520 1319 1553 267
1351 1515 1405 1551 in-

213 1578 306 1616 felix
350 1578 443 1616 Nisa
473 1592 542 1615 usa
573 1584 650 1624 est,
689 1578 919 1616 confessioni
948 1594 1039 1618 suae
1070 1580 1278 1631 praefatum
1309 1581 1407 1632 apud

213 1645 408 1683 nutricem.
469 1645 658 1690 fflvtms,
711 1645 829 1681 honos
869 1646 1024 1695 quilibet
1062 1648 1119 1684 vel
1151 1648 1407 1698 superioribus

213 1712 273 1750 vel
318 1711 536 1762 aequalibus
580 1712 637 1748 vel
682 1710 924 1748 inferioribus
968 1714 1133 1757 liabitus;
1184 1714 1221 1750 in
1267 1714 1408 1765 linguis

215 1777 311 1815 enim
358 1778 559 1815 liberorum
602 1782 768 1816 veterum
808 1779 898 1815 nulli
933 1784 1021 1816 sunt
1058 1780 1227 1817 ordinum
1265 1781 1409 1832 gradus

214 1844 286 1881 Lb.
319 1844 381 1889 lv,
413 1847 507 1882 520.
568 1845 652 1881 Non
683 1845 803 1882 minus
834 1846 969 1883 acerbe
1000 1846 1036 1882 in
1061 1847 1261 1884 Theocriti
1278 1848 1407 1884 xxm

214 1909 346 1959 idyllio
385 1923 421 1948 v.
462 1915 515 1949 20
552 1916 697 1949 amator
733 1925 890 1949 mvnvs
929 1926 1033 1950 suum
1072 1922 1317 1952 extremum
1356 1915 1409 1952 la-

215 1989 350 2027 queum
380 1976 489 2023 dicit,
521 1990 593 2027 quo
625 1992 666 2015 se
696 1979 911 2029 suspendit:

353 2052 515 2094 Rustice,
548 2064 650 2086 saeve
674 2065 780 2096 puer,
807 2054 956 2088 crudelis
981 2056 1117 2088 alumne
1141 2056 1294 2096 leaenae,

352 2108 490 2148 Saxee,
515 2119 583 2141 non
610 2109 731 2141 merite
757 2113 791 2142 ut
817 2111 951 2153 cupiam
977 2111 1029 2145 te!
1056 2122 1197 2145 munera
1221 2110 1300 2144 veni

351 2162 448 2195 Haec
473 2168 625 2197 extrema
650 2163 784 2206 serens,
812 2166 920 2200 nodos
944 2165 1024 2200 hos!

307 2259 342 2300 ⁹)
390 2262 444 2294 Al.
495 2263 722 2298 Quantumvis
746 2265 883 2298 moriar.
