1515 2620
486 149 691 188 ECLOGA
718 151 815 197 vm,
847 155 1025 191 64-67.
1262 163 1349 201 155

159 270 228 308 pro
265 257 412 295 Horatii
449 258 608 297 Canidia
648 261 766 311 Epod.
808 261 858 306 V,
904 267 955 301 26
996 267 1035 300 et
1068 263 1167 300 Dido
1198 264 1349 317 Virgilii

158 324 253 362 Aen.
292 324 363 370 W,
406 328 486 364 512
527 339 575 363 ex
612 326 764 365 Averno
806 329 853 364 ad
891 328 1052 379 speciem
1089 330 1222 368 hausta
1251 336 1346 369 erat.

158 390 372 437 Altaria,
417 392 464 428 ad
503 392 646 429 hostias
683 394 887 431 adolendas
927 409 1006 432 cum
1038 397 1200 447 capitulo
1231 397 1345 448 impo-

157 458 231 495 sito
261 472 296 497 v.
332 461 424 496 105.
458 459 506 504 V,
539 463 604 497 66.
675 460 812 506 Vitta,
853 460 970 499 fascia
1000 464 1258 513 appellabatur
1286 477 1345 502 sa-

158 536 224 561 cra
271 524 341 562 Lb.
386 525 457 570 ΙΙΙ,
503 529 603 571 487,
649 539 722 575 qua
765 540 854 564 arae
899 541 1045 578 quoque
1084 530 1344 582 cingebantur.

156 591 379 642 Propertius
410 591 481 638 IV,
513 596 557 637 6,
588 595 633 630 5:

292 666 435 700 Costum
461 668 562 700 molle
586 667 676 709 date,
705 671 739 700 et
763 668 877 699 blandi
905 668 983 700 mihi
1008 669 1114 702 thuris
1140 670 1299 713 honores,

426 724 566 767 Terque
589 722 702 756 focum
727 723 817 756 circa
842 725 960 756 laneus
986 724 1077 756 orbis
1103 729 1168 758 eat.

156 790 260 828 Haec
289 791 398 828 lanea
428 790 546 829 fascia
574 791 769 828 frondibus
799 797 837 828 et
865 790 1019 829 floribus
1043 793 1156 845 jungi
1177 793 1343 831 solebat:

155 857 286 907 quales
314 859 410 895 Aen.
444 859 512 903 ΙΙΙ,
545 863 597 897 64
628 872 717 895 arae
749 864 989 903 mortuorum,

290 926 468 959 Caeruleis
494 933 645 960 moestae
670 928 762 960 vittis
787 933 929 970 atraque
954 939 1139 972 cupresso3

155 993 193 1027 et
218 989 310 1026 Aen.
342 989 412 1034 lv,
445 993 525 1028 459
557 990 733 1026 sacellum
766 991 929 1036 Sichaei,

288 1059 483 1092 Velleribus
509 1059 617 1093 niveis
643 1064 676 1093 et
699 1061 786 1093 festa
814 1061 935 1094 fronde
960 1061 1160 1094 revinctum.

154 1122 353 1161 Theocriti
383 1135 530 1172 quoque
562 1124 858 1172 pharmaceutria
888 1125 940 1168 ll,
987 1129 1008 1162 2
1041 1124 1202 1170 sociam,
1247 1137 1343 1175 quae

153 1189 386 1240 pellecebras
417 1189 612 1239 Cupidinis
644 1190 852 1239 postulatas
883 1191 1006 1236 affert,
1038 1192 1228 1228 hortatur:

287 1259 395 1292 Flore
419 1262 453 1292 et
478 1260 551 1292 ovis
576 1264 653 1302 post
678 1271 848 1302 purpureo
874 1260 954 1293 mihi
980 1261 1101 1303 pocula
1125 1260 1238 1302 cinge.

153 1322 245 1360 Nam
283 1322 448 1359 rubrae
479 1324 612 1360 lanae
642 1323 689 1359 ad
720 1322 936 1361 veneficium
970 1324 1175 1361 efficacitas
1206 1336 1228 1360 a
1258 1323 1343 1361 Cle-

151 1393 276 1426 mente
313 1397 461 1426 ecrom.
504 1389 567 1424 vl!
609 1403 643 1438 p.
685 1394 764 1427 713
805 1394 842 1426 et
871 1403 893 1426 a
925 1390 1153 1439 Geoponicis
1182 1390 1272 1433 XV,
1316 1395 1340 1429 8

152 1460 369 1494 annotatur.
438 1455 628 1494 Verbena
664 1455 797 1493 viridia
826 1456 1109 1504 appellabantur
1139 1455 1339 1505 quaelibet,

150 1526 190 1561 et
217 1521 373 1558 frondes
403 1525 441 1558 et
470 1521 619 1567 herbae,
650 1534 746 1572 quae
775 1535 906 1558 sacros
936 1523 984 1559 ad
1014 1535 1104 1558 usus
1135 1527 1173 1559 et
1193 1523 1238 1558 ad
1263 1534 1339 1559 me-

151 1589 309 1627 dendum
346 1587 636 1633 adhibebantur,
689 1594 727 1626 et
765 1588 956 1625 efficacem
995 1601 1141 1637 quoque
1190 1587 1338 1626 Verbe-

148 1670 251 1695 nam
288 1655 556 1704 (fficinalem
592 1655 648 1692 L.
688 1655 1025 1704 complectebatur,
1071 1667 1167 1703 quae
1203 1667 1337 1691 nomen

150 1723 238 1760 inde
266 1723 534 1760 verbenacae
565 1726 675 1758 nacta
704 1726 774 1766 est,
805 1720 852 1758 cf.
885 1722 955 1758 Lb.
988 1721 1047 1765 n,
1084 1726 1156 1759 131
1184 1725 1222 1757 et
1238 1720 1335 1758 Don.

150 1790 198 1828 ad
235 1790 331 1826 Ter.
369 1789 485 1826 Andr.
518 1792 564 1833 4,
597 1795 641 1832 3,
686 1794 748 1825 11.
810 1788 889 1824 lloc
919 1792 1040 1824 autem
1071 1787 1108 1824 in
1139 1788 1223 1824 loco
1254 1787 1336 1824 her-

151 1857 221 1893 bae
248 1862 487 1893 venenatae
518 1855 708 1904 magicae,
737 1858 944 1903 7dngves,
977 1854 1109 1904 plenae
1136 1854 1251 1898 succi,
1282 1853 1337 1890 in-

152 1922 274 1973 telligi
311 1921 503 1965 videntur,
549 1922 677 1970 quales
715 1921 872 1957 Canidia
909 1921 1054 1957 Horatii
1087 1922 1154 1970 Ep.
1190 1922 1236 1965 V,
1282 1925 1329 1958 21

152 1988 327 2026 Colchica
358 2001 404 2024 ex
435 1988 539 2038 ligno
570 1988 710 2025 infelici
738 1987 882 2024 flamma
912 1987 997 2032 urit,
1028 1992 1065 2025 et
1095 1988 1214 2024 Didus
1244 1998 1335 2035 quo-

151 2068 224 2107 que
253 2055 430 2093 sacerdos
461 2068 571 2105 inninga
600 2056 692 2092 Aen.
726 2055 794 2100 lv,
827 2057 905 2092 513
938 2059 1110 2103 usurpat:

286 2131 448 2164 Faleibns
474 2135 506 2163 et
532 2141 662 2163 messae
685 2131 726 2163 ad
752 2132 884 2162 Lunam
910 2134 1119 2172 (praemuntur
1143 2128 1260 2161 ahenis

287 2187 460 2220 Pubentes
485 2186 628 2226 herbae,
657 2186 743 2226 nigri
769 2197 844 2219 cum
870 2187 957 2218 laste
982 2184 1113 2218 veneni.

155 2254 361 2300 Addere,
393 2268 548 2306 augere,
579 2256 786 2298 celebrare;
817 2267 925 2292 sacra
948 2259 1021 2291 tum
1044 2257 1244 2303 potestate,
1275 2266 1334 2291 aa·
