1472 2620
439 153 643 193 ECLOGA
676 154 754 198 VH,
786 159 966 194 33-36.
1240 161 1300 201 85

110 266 209 302 dum
255 263 343 302 ficta
387 264 518 302 stabis.
580 265 775 316 Purpurea
813 272 961 303 amenta
998 265 1169 303 cothurni
1200 264 1296 303 Aen.

111 332 137 377 Ι,
177 336 258 370 337
290 333 418 371 colore
448 333 484 371 in
516 346 697 371 marmore
730 333 982 370 imitabantur.
1045 330 1296 371 cothurnus

107 398 292 451 singulari
315 413 468 438 numero
491 400 685 438 dicebatur
705 413 779 437 non
802 400 942 446 minus,
975 413 1082 451 quam
1108 398 1296 452 ἐνδρομὶς

108 465 241 504 Anth.
272 467 342 513 W,
383 472 446 507 12.
478 481 516 518 p.
549 472 650 513 341,
698 468 882 505 Graecum
915 480 1049 505 nomen
1081 467 1190 518 hujus
1220 466 1294 504 cnl-

108 534 290 572 ceamenti
327 534 531 580 venatorii,
577 540 615 572 et
645 532 795 582 ἐμβὰς,
843 531 1084 581 σανόά).ιον,
1133 532 1296 572 πέδιλον

107 601 175 652 Ep.
205 601 322 650 Myth.
355 603 401 648 ΙΙ,
433 617 467 653 p.
502 606 567 641 52.
627 602 794 640 Galenus
826 608 863 640 et
888 603 1022 639 Pollux
1054 602 1202 639 calceos
1234 614 1296 639 ve-

107 669 275 706 natorios
321 670 427 719 quasi
473 683 585 707 cavos
622 670 772 707 calceos
809 670 1046 714 describunt,
1091 681 1210 718 usque
1248 669 1295 706 ad

106 736 229 774 media
265 749 375 774 crura
412 742 634 789 surgentes,
678 737 846 788 trajectis
884 736 975 774 loris
1005 740 1110 774 arcte
1141 735 1294 787 ligatos,

108 809 150 841 ut
181 804 368 842 montibus
400 805 434 841 in
468 805 612 855 asperis
644 805 834 842 commode
865 804 963 843 curri
989 809 1026 842 et
1042 803 1146 841 saliri
1164 802 1294 854 possit.

220 877 270 910 33
291 894 342 898 —
366 878 430 910 36.
495 873 532 908 ln
567 872 737 922 sequenti
769 873 1031 910 commissione
1062 883 1204 922 pauper
1237 874 1295 908 est

105 937 237 984 olitor,
284 938 345 988 qui
383 950 493 975 sacro
524 939 783 976 anniversario
815 940 972 976 liborum
1006 944 1044 977 et
1074 939 1183 976 lactis
1214 937 1294 975 exi-

103 1005 170 1057 gui
202 1002 411 1056 (pomorum
444 1019 517 1042 uon
549 1006 582 1042 ei
615 1006 650 1042 in
684 1012 842 1044 mentem
870 1005 991 1059 venit)
1023 1005 1295 1045 contumaciter

105 1072 246 1123 Priapo
285 1071 484 1110 satisfacit.
545 1074 716 1124 Repente
755 1074 927 1111 olitorem
958 1087 1039 1112 cum
1071 1077 1295 1124 paupertate

104 1140 350 1178 obliviscitur.
409 1141 658 1178 Marmoreum
690 1155 731 1179 se
762 1155 843 1179 eum
875 1156 942 1193 pro
974 1155 1037 1187 ea,
1069 1154 1164 1192 quae
1196 1153 1294 1177 nunc

105 1206 154 1244 sit
184 1219 307 1244 rerum
337 1220 487 1246 suarum
518 1208 699 1255 conditio,
731 1210 922 1259 posuisse3
953 1222 1052 1261 grex
1083 1214 1206 1246 autem
1235 1208 1294 1244 dei

103 1287 175 1325 ope
218 1274 440 1325 simulatque
485 1276 677 1326 suppletus
715 1275 849 1322 fuerit,
898 1281 1010 1316 vovet
1049 1298 1100 1304 -—
1139 1288 1292 1313 aureum

101 1341 269 1394 signum!
332 1342 389 1388 ld,
440 1342 471 1379 si
503 1356 629 1393 parum
661 1356 861 1394 superare,
909 1357 1023 1394 supra
1054 1348 1157 1381 certe
1188 1342 1293 1379 liceri

102 1414 173 1447 est.
203 1430 258 1436 —
289 1409 548 1459 Lampsaceno
579 1423 756 1462 agrorum
789 1411 879 1456 deo,
910 1411 1100 1459 Priapo,
1132 1408 1294 1459 antiqui-

103 1480 182 1515 tate
223 1476 259 1513 in
292 1475 471 1514 inferiore
502 1477 589 1514 alibi
621 1489 768 1528 quoque
799 1478 954 1525 alicubi,
1001 1477 1108 1528 quasi
1139 1476 1201 1527 qui
1231 1489 1293 1514 ca-

102 1557 190 1595 pros
220 1548 258 1582 et
287 1557 391 1589 oves,
421 1557 525 1595 apes,
561 1544 694 1594 pisces,
726 1545 904 1595 imprimis
935 1559 1025 1583 vero
1058 1546 1189 1581 hortos
1211 1542 1293 1581 foe-

101 1612 245 1650 cundos
276 1610 440 1658 iaceret,
471 1612 592 1649 honos
624 1612 771 1649 babitus
802 1618 861 1650 est
893 1614 959 1663 Ep.
991 1612 1110 1661 Myth.
1145 1611 1191 1656 ΙΙ,
1225 1616 1290 1650 37.

101 1679 198 1718 Huic
233 1684 272 1717 et
309 1679 471 1717 Laribus
502 1679 675 1730 privatis,
722 1693 788 1730 pro
822 1678 1003 1716 t'acultate
1035 1692 1179 1723 rerum,
1219 1677 1292 1729 pri-

102 1746 227 1786 mitiae
262 1746 362 1784 horti
400 1753 439 1784 et·
475 1747 580 1799 agri,
626 1745 756 1792 flores,
797 1747 920 1791 olera,
959 1746 1105 1797 spicae,
1145 1744 1290 1797 fruges,

102 1827 216 1861 uvae,
257 1827 339 1852 cuin
371 1816 509 1859 lacte,
551 1814 657 1851 mene
688 1818 725 1850 ct
755 1813 859 1850 libis
891 1813 996 1864 Caip.
1030 1813 1080 1858 ΙΙ,
1121 1815 1193 1856 64,
1226 1812 1291 1849 ob·

102 1882 202 1918 latae
245 1886 344 1918 sunt.
412 1882 502 1918 Nam
547 1881 771 1917 Semonibus
816 1880 959 1930 quidem
1000 1880 1079 1917 sive
1117 1878 1291 1916 semideis

103 1948 273 1994 rusticis,
319 1948 452 1998 quibus
483 1948 707 1998 Fulgentius
739 1960 818 1984 eum
851 1947 1043 1999 θάψῃς-ΙΙ,
1100 1948 1172 1984 lac
1204 1951 1290 1983 tan-

102 2019 192 2061 tum,
223 2028 296 2052 non
329 2016 465 2061 vinum,
498 2014 689 2052 serendum
721 2021 816 2053 erat.
877 2016 1014 2052 Simu
1034 2014 1113 2051 sive
1134 2016 1291 2058 sinum,

102 2082 293 2120 sinuosum
334 2087 371 2119 et
409 2083 606 2119 rotundum
639 2096 702 2120 vas
734 2082 871 2120 Graeci
905 2081 1030 2132 operis
1061 2080 1206 2124 fictilis,
1245 2080 1290 2117 ad

104 2149 226 2188 vinum
270 2153 308 2187 et
351 2150 409 2186 iae
447 2150 669 2186 adhibitum:
721 2162 768 2186 ex
808 2148 936 2195 ὸῖνος,
985 2147 1290 2198 quemadmodum

105 2213 211 2266 ὀσμὴ
249 2229 297 2253 ex
335 2214 454 2266 ὐὸμι).
514 2216 624 2253 Melle
664 2216 756 2254 liba
786 2216 993 2261 sacr-fica
1024 2228 1070 2251 ex
1104 2214 1292 2252 teneriore

107 2282 250 2328 farina,
282 2283 398 2327 lacte,
430 2284 511 2321 ovis
542 2289 579 2320 et
609 2284 694 2320 oleo
726 2283 970 2334 tingebantur
1002 2282 1070 2318 Lb.
1104 2282 1153 2323 ΙΙ,
1198 2285 1292 2321 394.

1051 2342 1074 2375 6
1107 2340 1124 2357 ⁰
