1472 2620
153 188 214 227 70
497 179 701 218 ECLOGA
732 178 809 224 vn,
842 184 929 216 1-
945 182 983 218 5.

151 292 272 331 ilicem
301 296 571 330 convenerant:
618 288 821 341 Thyrsis,
858 289 1074 342 arrogantis
1104 290 1213 327 animi
1244 291 1322 341 opi-

152 359 224 406 lio,
281 358 485 396 modestum
530 358 764 408 Corydonem
806 356 1012 408 caprarium
1059 364 1318 404 commoverat,

151 431 193 464 ut
221 426 280 463 hic
308 425 356 463 ad
385 430 571 464 certamen
600 439 682 464 eum
712 431 952 476 provocaret3
983 429 1021 461 et
1045 423 1230 474 Daphnis,
1259 425 1324 462 bo-

153 506 216 533 ves
246 506 424 544 pascens,
455 493 609 532 sedebat
637 493 787 531 arbiter.
847 492 1159 534 Quemadmodum
1191 491 1227 528 in
1253 496 1325 529 ter-

152 560 205 598 tia
235 560 388 612 ecloga,
433 559 486 598 ita
521 560 579 598 hic
609 573 755 612 quoque
784 565 954 611 pastores
991 572 1063 596 non
1096 559 1214 605 servi,
1260 560 1327 597 sed

152 627 275 679 potius
307 626 374 665 filii
403 633 489 666 sunt
519 642 539 666 e
563 627 745 666 libertinis
776 627 918 665 colonis
948 626 1067 680 geniti
1098 626 1123 664 i.
1154 640 1186 664 e.
1218 639 1238 663 e
1268 639 1328 664 re-

153 694 379 732 demtoribus
415 695 472 734 vel
510 695 768 746 possesoribus
809 694 959 732 minoris
995 693 1112 731 fundi.
1182 693 1326 736 Quodsi

152 762 251 800 servi
281 767 407 801 essent
443 762 652 800 divitiorum
684 762 930 810 dominorum,
981 764 1016 799 in
1050 762 1193 813 publico
1231 775 1326 814 agro

152 828 179 866 ii
217 842 290 866 non
330 833 545 880 pascerent;
592 842 660 867 nec
699 829 818 867 minus
857 829 1015 868 eruditio
1053 843 1178 867 eorum
1215 829 1328 867 docu-

152 902 276 934 mento
308 902 384 942 est,
429 909 548 947 neque
578 897 803 935 voluntatem
835 897 879 935 iis
918 911 996 934 necv
1015 897 1113 935 vires
1150 896 1326 945 defuisse,

152 969 194 1001 ut
224 977 271 1001 ex
302 968 488 1002 contemta
518 964 697 1003 servitute
729 966 763 1010 Ι,
804 970 869 1004 27.
903 965 974 1011 lll,
1014 968 1050 1003 5.
1086 969 1133 1003 16
1164 965 1326 1002 exirent.

152 1031 284 1077 Ilex,
316 1036 471 1083 πρῖνος,
507 1031 701 1075 Quercus
731 1032 843 1070 Ilesc
873 1032 944 1078 L.,
979 1045 1135 1082 quercus
1167 1039 1223 1070 est
1254 1046 1327 1070 me-

152 1098 319 1137 ridianae
341 1100 478 1151 plagae
502 1113 646 1150 semper
668 1099 804 1145 virens,
834 1099 935 1136 foliis
962 1099 1116 1136 serratis
1132 1102 1182 1149 ο),
1215 1112 1329 1150 parva

151 1166 310 1219 glande,
355 1180 462 1217 quam
502 1166 638 1204 Graeci
681 1163 829 1204 ἄκυλον
866 1167 1068 1211 vocabant3
1125 1166 1330 1204 Columella

153 1234 214 1279 vl,
247 1240 269 1272 3
309 1234 512 1286 singularis
549 1234 738 1284 cujusdam
776 1234 929 1286 generis
967 1234 1188 1271 mentionem
1226 1233 1328 1280 facit,

152 1301 273 1339 nullas
289 1302 415 1353 spinas
432 1301 600 1339 habentis
623 1299 773 1350 (foliis
790 1300 1111 1353 e'ntegerrilnis)
1127 1300 1200 1353 ⁰⁰).
1245 1300 1331 1339 Ar-

150 1376 285 1419 guta,
332 1383 549 1415 susurrum,
592 1383 707 1408 verno
751 1377 875 1408 ventu.
952 1370 1029 1407 Nec
1067 1369 1213 1406 dubium
1258 1374 1328 1415 est,

153 1435 240 1486 quin
272 1436 450 1488 Virgilius
477 1451 497 1474 e
521 1443 654 1474 natura
680 1450 758 1474 eam
783 1437 954 1488 petierit,
985 1451 1057 1474 nou
1085 1437 1202 1474 minus
1222 1449 1330 1487 quam

153 1502 220 1549 lx,
252 1508 275 1542 9
301 1510 447 1542 veteres
472 1503 602 1555 fagos,
634 1517 727 1553 quac
754 1505 833 1555 ejus
856 1506 972 1541 solum
998 1505 1042 1541 ad
1061 1505 1232 1541 Mincium
1257 1510 1331 1542 ter-

153 1570 354 1608 minabant.
413 1572 462 1608 At
491 1584 605 1622 prope
635 1572 844 1617 Mantuam,
892 1571 1160 1608 Castelvetrius
1201 1572 1329 1623 inquit,

154 1651 274 1688 neque
305 1638 407 1676 ilices
437 1643 545 1683 sunt,
590 1651 657 1675 nec
688 1639 814 1688 pinus,
850 1652 918 1676 nec
943 1639 1125 1690 juniperi,
1165 1653 1234 1677 nec
1267 1654 1330 1678 ca-

153 1712 322 1743 staneae.
384 1706 423 1742 ld
462 1706 603 1743 demum
641 1705 750 1743 hodie
782 1706 987 1757 neglectam
1019 1719 1101 1743 esse
1139 1707 1330 1759 utriusque

153 1772 252 1810 illius
281 1773 432 1824 generis
462 1774 639 1811 culturam
672 1773 865 1824 probaret3
906 1773 1098 1824 juniperus
1135 1781 1255 1813 autem
1293 1781 1332 1814 et

154 1845 350 1878 castaneas
394 1840 473 1891 ipse
510 1841 688 1893 Virgilius
733 1855 779 1878 ne
822 1840 930 1877 finxit
976 1841 1119 1891 quidem
1164 1843 1332 1893 proxime

155 1907 364 1953 Mantuam,
413 1908 477 1945 sed
510 1908 544 1945 in
576 1909 759 1946 montibus
790 1909 917 1960 procul
948 1909 1030 1946 sitis
1060 1923 1094 1947 v.
1127 1914 1191 1949 53.
1258 1911 1331 1953 Qui

156 1980 268 2014 cantu
298 1975 509 2021 certabant,
546 1990 687 2028 greges
718 1980 763 2014 in
794 1991 924 2014 mmm
954 1977 1032 2015 sive
1062 1978 1188 2015 eodem
1218 1991 1329 2015 com-

155 2045 391 2094 pulerant:
438 2043 616 2082 vocabulo
648 2049 833 2094 pastorum
865 2044 1036 2096 proprio,
1081 2045 1176 2095 quod
1207 2059 1328 2097 genus

158 2111 255 2163 apud
279 2111 521 2149 Theocritum
547 2112 606 2157 Vl,
641 2118 657 2149 1
694 2117 731 2149 et
760 2112 929 2150 Nonuum
955 2111 1131 2158 XXXIV,
1168 2118 1242 2152 187
1275 2112 1329 2159 εἷς

249 2223 283 2263 ’)
310 2223 385 2255 IIoc
407 2222 571 2255 vocabulo
586 2233 666 2255 usus
683 2222 860 2267 descripsit
881 2233 952 2256 eam
971 2222 1173 2256 Willdenow
1193 2223 1227 2256 in
1247 2223 1326 2257 Car.

159 2280 179 2301 a
202 2266 311 2302 Linne
336 2267 467 2311 species
490 2268 680 2312 plantarum
703 2276 785 2302 tom.
832 2269 878 2302 1v
902 2279 936 2312 p.
960 2268 1038 2302 433.

249 2324 305 2366 ⁸⁶)
330 2323 375 2357 ib.
