1515 2620
321 551 635 598 ECLOGA
669 553 756 598 1x.
803 551 1274 598 EXPLICA'I'A.

367 710 710 760 ARGUMEN
716 712 793 759 TI
829 711 1215 759 NARRATIO.

563 869 629 907 AB
660 870 708 908 U.
739 871 781 907 C.
813 870 1017 909 Dccxlv.

201 968 290 1007 Cn.
335 969 616 1008 Domitio
664 968 756 1022 (M.
797 968 877 1022 F.)
921 971 1197 1009 Calvino
1235 969 1305 1008 I!
1338 969 1382 1008 C.

402 1047 640 1086 Asinio
672 1049 983 1087 Pollione
1017 1050 1180 1087 Coos.

531 1149 686 1186 AESTl
694 1149 756 1187 VO
787 1150 1054 1188 TEMPORE.

431 1250 614 1303 Virgilius
643 1264 782 1289 annum
812 1265 933 1304 agens
967 1256 1145 1291 29—30.

198 1394 271 1446 Ad
313 1408 466 1459 primam
506 1408 678 1460 eclogam
711 1409 854 1447 Romae
885 1409 1082 1461 Virgilium
1113 1408 1271 1448 vidimus
1303 1422 1390 1460 pro-

197 1476 299 1513 ximo
339 1475 535 1526 superiore
573 1488 692 1522 anno,
733 1489 843 1525 quum
875 1476 960 1527 agri
992 1477 1324 1522 distribuerentur,
1363 1489 1385 1513 a

198 1542 372 1579 Pollione
411 1548 449 1579 et
485 1556 507 1580 a
537 1543 761 1580 Maecenate
792 1544 1107 1589 commendatum,
1147 1544 1389 1581 securitatem

199 1610 347 1661 paterni
384 1609 490 1645 fundi
527 1609 665 1645 Andini
703 1623 725 1646 a
755 1611 922 1647 Caesare
952 1611 1160 1649 Octaviano
1193 1611 1386 1649 triumviro

199 1676 472 1728 impetravisse.
548 1677 589 1712 lu
636 1676 716 1726 ipso
764 1676 870 1713 exitu
908 1678 1046 1715 mensis
1085 1678 1261 1715 Octobris
1299 1679 1388 1716 anni

198 1744 413 1790 Dccxnl,
452 1742 637 1781 indefensi
675 1757 805 1794 quum,
845 1750 930 1794 post
971 1745 1155 1782 Pollionis
1187 1758 1235 1783 ex
1269 1746 1389 1784 Vene-

199 1813 248 1849 tis
278 1812 505 1857 discessum,
536 1811 745 1858 Mantuani,
779 1825 868 1862 prae
899 1812 1090 1850 veteranis
1120 1825 1167 1849 ex
1201 1813 1390 1864 descripta

198 1880 298 1917 inter
337 1880 471 1916 milites
503 1880 691 1917 Cremona
722 1879 1025 1930 irrumpentibus,
1057 1892 1138 1917 cum
1171 1880 1280 1917 rebus
1311 1881 1389 1919 suis

197 1947 394 1985 mobilibus
444 1947 721 1998 demigrarent,
770 1947 954 1996 Tityrus,
1000 1947 1128 1999 gentis
1170 1948 1389 1985 Maronicae

198 2015 374 2062 libertus,
424 2027 580 2052 securus
618 2015 732 2053 boves
771 2027 860 2051 suas
897 2015 1030 2065 patriis
1068 2015 1104 2052 in
1136 2015 1293 2052 saltibus
1325 2028 1388 2066 pa-

198 2083 341 2121 scebat.

314 2150 391 2188 Sed
421 2149 647 2200 aliquamdiu
679 2154 765 2200 post
795 2149 893 2186 illam
920 2150 1090 2201 eclogam
1112 2162 1272 2201 peregre
1295 2148 1388 2186 scri-

199 2223 299 2269 ptam
338 2231 464 2255 coram
503 2222 541 2255 et
580 2230 780 2269 praesens,
837 2216 1019 2268 Virgilius
1057 2217 1267 2254 consultum
1305 2229 1388 2254 etse

200 2284 333 2330 duxit,
365 2284 630 2334 patrimonium
659 2298 766 2324 suum
796 2284 843 2322 ub
874 2284 1142 2336 impotentibus
1173 2283 1390 2321 defendere.
