1472 2620
144 182 204 222 92
477 175 683 212 ECLOGA
715 175 792 221 vu,
825 179 1004 215 57—60.

236 286 384 319 Pulcher
408 284 464 316 ubi
490 285 575 317 Milo
600 284 774 326 graditur3
800 284 943 318 simulac
968 286 996 318 is
1021 286 1138 328 abivit,

350 341 510 381 Languet
535 339 591 384 qui
617 340 726 384 pascit
751 351 826 374 cum
852 341 990 375 sitiente
1015 353 1134 384 grege.

157 423 314 463 Vitium
351 423 494 466 aeris,
554 420 811 471 perniciosus,
861 423 1041 473 pestilens
1092 428 1219 460 aestus
1265 426 1332 462 sub

147 489 258 541 signo
289 487 484 525 caniculae
515 487 550 524 in
584 488 765 540 principio
796 491 996 536 auctumni,
1028 491 1126 541 quod
1152 495 1233 528 erat
1250 495 1335 542 post

147 570 182 594 a.
223 556 259 593 d.
298 556 346 592 ΙΙΙ
389 555 438 592 id.
479 555 615 593 sextil.
654 556 725 594 Lb.
758 557 827 602 ΙΙΙ,
866 562 961 596 478.
1020 558 1161 597 Liber
1191 571 1335 610 cogno-

147 637 229 661 men
261 628 351 661 tunc
381 628 464 660 erat
494 624 701 661 Romanum
735 625 871 663 Graeci
903 622 1110 664 Διωνύσου
1141 626 1220 663 sive
1239 626 1333 664 Bao-

147 691 228 739 chi,
274 704 321 728 ex
360 704 432 741 quo
473 691 621 728 nomine
651 692 890 730 liberatorem
922 694 1114 743 quemdam
1145 694 1225 732 sive
1255 693 1334 732 viu-

147 759 264 797 dicem
304 764 426 795 mente
462 757 669 810 fingebant.
731 760 864 796 Verum
897 761 1102 811 antiquitus
1133 762 1231 799 inter
1262 762 1335 799 ltu-

145 827 203 865 los
234 826 377 878 priscos
408 825 499 861 deus
532 832 613 862 erat
639 826 777 865 Liber
803 828 962 866 sationis
994 835 1031 866 et
1061 828 1334 881 generationis,

146 894 267 931 dictus
305 906 326 930 a
358 892 502 930 libare
533 898 706 939 vetusto,
751 894 894 943 λείβειν
925 894 1042 947 (apud
1074 897 1236 935 Sabinos
1268 909 1333 934 no-

148 961 357 999 minabatur
393 959 682 1010 Loebasins),
721 960 898 1008 sundere,
939 964 1086 1016 rigare,
1126 977 1220 1014 quae
1252 970 1335 1001 erat

147 1029 260 1081 origo
306 1027 504 1066 verborum
550 1023 697 1077 λειμών
735 1035 771 1066 et
809 1026 1018 1078 itlffddzov,
1066 1039 1209 1082 pratum
1251 1032 1334 1069 irri-

146 1110 285 1150 guum,
323 1091 496 1144 Λιβύη,
526 1095 650 1143 sliu),
691 1096 804 1147 plaga
836 1098 979 1148 pluvia,
1020 1099 1156 1144 liber,
1197 1098 1334 1146 infans,

146 1164 202 1201 sui
236 1163 358 1214 juris,
399 1175 466 1200 nec
505 1175 577 1199 nou
610 1163 806 1201 verborum
838 1165 1005 1211 lichen,
1041 1165 1170 1212 laben,
1210 1166 1333 1205 leben.

147 1231 265 1269 Simul
295 1244 376 1269 cum
406 1230 577 1268 Libera
608 1236 645 1268 et
679 1231 839 1269 Cerere
870 1233 1083 1271 colebatur:
1116 1247 1224 1284 quam
1255 1234 1334 1272 Li·

146 1299 314 1345 beram,
362 1303 449 1349 post
480 1299 648 1336 Graecas
678 1299 887 1351 religiones
918 1300 1064 1347 illatas,
1104 1301 1212 1338 modo
1244 1308 1334 1339 tam·

147 1380 255 1418 quam
303 1372 457 1404 matrem
508 1366 589 1417 ejus
637 1366 673 1403 in
725 1368 898 1405 Semelen
944 1369 1024 1407 sive
1069 1369 1335 1420 Proserpinam

147 1434 429 1485 mysteriorum,
471 1433 579 1470 modo
620 1438 802 1484 tamquam
835 1449 989 1474 uxorem
1022 1438 1103 1488 ejus
1135 1437 1171 1474 in
1204 1437 1337 1475 Ariad-

147 1515 220 1539 nen
246 1500 575 1538 transformabant.
636 1502 751 1538 Aestu
771 1503 848 1553 jam
867 1510 1100 1541 marcescunt
1117 1508 1334 1552 pampini,

149 1581 304 1620 quorum
335 1568 514 1605 umbrae
545 1581 635 1605 uvas
666 1569 711 1606 ad
744 1570 892 1619 apricos
923 1573 1059 1608 colles
1084 1579 1338 1609 niaturcsccn·

150 1642 208 1674 tes
235 1635 439 1674 defendere
458 1635 657 1672 debebant.
720 1636 861 1674 Diebus
879 1638 973 1675 enim
992 1639 1266 1676 canicularibus
1286 1640 1338 1678 vi·

149 1710 219 1750 tes,
240 1705 490 1741 maturitatem
510 1704 554 1740 ad
575 1703 868 1749 accelerandam,
899 1705 1029 1742 nudari
1049 1707 1219 1743 solebant
1239 1721 1260 1744 a
1281 1706 1337 1744 fo-

147 1772 208 1810 liis
246 1772 510 1822 opacantibus,
557 1771 769 1822 palmitibus
807 1778 928 1810 autom
963 1786 1055 1811 uvae
1087 1774 1179 1811 locis
1211 1775 1246 1811 in
1278 1789 1338 1813 ca-

149 1839 340 1877 lidissimis
373 1840 623 1891 tegebantur,
676 1848 738 1885 et,
785 1840 815 1877 si
849 1854 974 1891 parum
1007 1842 1224 1892 pampinosa
1254 1842 1340 1880 vitis

149 1913 254 1953 erat,
286 1907 497 1951 sarim-ntis,
529 1913 736 1944 stramento
768 1914 805 1945 et
837 1909 1028 1960 tegetibus
1048 1912 1099 1954 ⁰).
1160 1909 1335 1955 ⁴femus,
1385 1953 1395 1960 ·

149 1976 300 2026 proprie
331 1975 543 2012 arboretam
577 1988 771 2025 pascuum,
825 1983 899 2013 tum
932 1977 1036 2013 locus
1067 1989 1215 2027 quoque
1247 1990 1336 2014 con·

149 2043 255 2080 situs.
315 2041 495 2091 Jupiter
533 2056 599 2093 pro
640 2047 746 2088 aere,
794 2044 854 2094 qui
897 2044 1055 2095 pluviam
1098 2043 1240 2089 fundit,
1289 2058 1336 2081 ex

148 2116 374 2150 commutata
418 2111 539 2148 serius
578 2111 623 2148 de
662 2110 798 2148 sabulis
829 2111 1005 2163 opinione
1036 2111 1106 2148 Lb.
1138 2111 1192 2156 ΙΙ,
1241 2117 1335 2151 325.

147 2180 251 2218 Haec
291 2180 416 2232 imago
455 2179 569 2216 multo
601 2191 710 2230 quam
742 2193 808 2230 pro
841 2178 1015 2217 carminis
1046 2178 1177 2216 rustici
1208 2179 1337 2218 colore

239 2325 275 2366 ·)
325 2325 401 2358 eoi.
429 2324 479 2363 ν,
505 2323 545 2365 5,
574 2324 625 2357 η.
