1515 2620
177 149 260 189 {52
468 139 679 180 ECLOGA
697 141 798 187 vm,
833 145 1069 182 iob-10³.

176 255 294 302 mine,
347 257 575 306 postremum
608 252 871 290 efficacissima
905 265 1076 303 quaeque
1108 253 1293 294 veneficia
1324 268 1374 294 ex

177 324 302 361 Ponto
332 320 592 358 adolebantur.
652 320 731 357 Hos
761 323 934 359 cineres
957 319 1053 357 soris
1076 320 1181 358 socia
1198 321 1234 358 in
1256 323 1373 361 rivum

177 389 372 433 fluentem,
403 392 610 425 retrorsum
636 400 705 425 nec
732 388 957 439 respiciens,
990 387 1187 426 demittere
1207 388 1374 440 jubetur.

179 459 367 498 Quorsum
398 455 514 493 haec?
568 455 765 506 Reliquiae
799 468 991 493 sacrorum
1028 455 1238 493 lustralium
1262 462 1300 493 et
1324 456 1377 494 ci·

179 536 290 560 neres
331 529 578 560 crematorum
610 528 868 573 portentorum
894 523 930 560 in
964 536 1065 560 mare
1093 529 1159 560 aut
1183 523 1219 560 in
1244 536 1377 574 aquam

178 589 363 628 fiuvialem
403 590 694 641 dejiciebantur,
745 591 790 628 ad
824 591 987 642 vestigia
1012 604 1181 641 quaeque
1206 591 1377 628 delenda.

179 658 285 709 Ergo
314 658 438 708 puella
463 657 624 694 crudelis
650 657 736 694 nihil
766 658 835 695 sibi
856 659 1052 708 proposuit
1071 658 1236 704 minoris,
1268 671 1376 708 quam

177 729 220 762 ut
250 724 481 774 Daphnidem
507 737 612 761 suum
640 724 821 762 veneficio
848 732 975 763 necet:
1022 732 1081 771 ut,
1129 726 1223 763 cinis
1252 739 1378 775 quem-

180 791 374 828 admodum
408 791 621 827 incantatus
648 791 842 843 imaginis,
888 793 943 830 sic
976 793 1056 843 ipse
1087 793 1133 830 de
1167 800 1270 830 terra
1293 806 1379 830 eva-

180 863 323 896 nescat.
384 858 459 895 Sed
487 858 700 908 priusquam
724 859 885 897 cinerem
916 873 963 897 ex
991 873 1058 898 ara
1082 861 1239 912 collegit
1263 866 1301 897 et
1324 859 1379 897 fa—

180 927 303 964 mulae
341 925 515 971 tradidit3
569 924 714 963 flamma
756 926 898 964 indicat
929 927 1100 973 elucens,
1161 926 1379 966 veneficium

178 992 362 1038 valuisse,
402 999 441 1030 et
472 993 623 1031 crudele
657 994 850 1031 consilium
884 994 1081 1031 omittitur.
1142 995 1225 1032 Non
1258 996 1378 1033 minus

180 1060 318 1098 acerbe
358 1060 658 1110 pharmaceutria
702 1061 892 1098 sentiebat
925 1061 1125 1098 Theocriti
1161 1063 1230 1099 sub
1267 1061 1378 1100 finem

181 1127 343 1165 actionis
367 1141 401 1165 v.
436 1132 532 1166 159:

318 1215 458 1249 Philtris
482 1215 630 1258 defigam
657 1217 820 1259 primurm
846 1216 873 1249 si
899 1216 1037 1249 laedere
1063 1221 1196 1260 perget,

316 1272 474 1305 Plutonis
499 1272 642 1312 faciam,
670 1283 731 1315 per
756 1272 899 1306 Parcas!
929 1274 1040 1316 pulset
1065 1280 1100 1305 ut
1125 1274 1242 1306 aedes.

318 1328 389 1361 Tot
414 1330 503 1361 mala
528 1329 666 1370 clausa,
693 1335 788 1371 poto,
815 1340 916 1362 scrvo
942 1329 1167 1363 medicamina
1192 1330 1289 1364 cista.

182 1395 359 1434 Tiresias
394 1410 520 1448 augur
544 1399 640 1448 apud
667 1398 915 1435 Theocritum
945 1399 1094 1444 xxiv,
1132 1405 1204 1445 91,
1247 1400 1379 1438 draco·

183 1476 270 1508 nes,
307 1463 436 1514 jubet,
484 1464 528 1500 ab
568 1465 732 1502 Hercule
763 1465 909 1503 infante
941 1466 1150 1504 suffocatos
1181 1467 1380 1506 sarmentis

184 1530 332 1568 eximiis
355 1530 532 1568 cremari:

319 1618 425 1650 Mane
449 1619 542 1658 legat
567 1618 699 1650 cineres
725 1618 852 1659 ignitos
877 1629 976 1652 serva
1002 1620 1174 1662 canistris,

320 1673 434 1706 Trans
459 1673 669 1717 fluviumque
694 1673 793 1717 ferat,
819 1675 973 1709 studiose
997 1682 1136 1719 spargat
1162 1681 1195 1709 et
1216 1688 1334 1712 omnes

320 1730 358 1763 In
384 1730 544 1773 scopulos
569 1731 731 1772 scabros,
757 1736 851 1764 trans
876 1731 985 1772 fines3
1013 1731 1087 1775 ipsa
1112 1733 1221 1766 redito

319 1785 398 1819 Non
423 1797 460 1819 se
483 1791 699 1820 convertens.

183 1865 234 1902 Et
258 1864 294 1902 in
319 1866 497 1916 Euripide
518 1867 696 1905 Androm.
730 1872 808 1906 293
836 1873 1008 1919 optatur,
1047 1875 1089 1906 ut
1119 1870 1251 1907 malum
1279 1869 1380 1908 futu·

184 1945 264 1969 rum
304 1941 422 1971 mater
454 1934 622 1980 Paridis,
667 1934 848 1973 infantem
879 1949 1013 1974 recens
1049 1943 1195 1983 natum,
1240 1950 1381 1985 supra

184 2009 322 2048 calmt
360 2002 610 2053 traiisjecerit.
687 2004 860 2044 Quonam
903 2004 1016 2049 alias,
1075 2004 1145 2041 nisi
1178 2004 1213 2041 in
1253 2006 1378 2042 maret

187 2068 505 2109 Quemadmodum
539 2070 635 2106 bello
670 2069 837 2115 Punico,
884 2071 996 2109 Livio
1034 2077 1190 2109 auctore
1219 2071 1378 2118 xxvn,

187 2140 253 2181 37,
287 2137 446 2175 Romani
471 2142 747 2174 monstruosum
770 2138 928 2175 hominis
951 2144 1095 2189 partum
1111 2140 1379 2186 transfluens,

186 2204 314 2251 procul
355 2217 378 2242 a
422 2204 650 2242 continentis
682 2211 808 2243 terrae
843 2206 1091 2258 contagione,
1153 2214 1381 2245 extorrem

181 2273 346 2314 procul
366 2279 517 2309 terrae
540 2280 757 2318 contactu,
788 2273 865 2311 alto
889 2273 980 2310 mari
999 2273 1233 2325 mergebant.
1293 2272 1378 2310 Ro·-
