<?xml version="1.0" encoding="UTF-8"?>
<!DOCTYPE html PUBLIC "-//W3C//DTD XHTML 1.0 Transitional//EN"
    "http://www.w3.org/TR/xhtml1/DTD/xhtml1-transitional.dtd">
<html xmlns="http://www.w3.org/1999/xhtml" xml:lang="en" lang="en">
 <head>
  <title>
</title>
<meta http-equiv="Content-Type" content="text/html;charset=utf-8" />
  <meta name='ocr-system' content='tesseract 3.04.00' />
  <meta name='ocr-capabilities' content='ocr_page ocr_carea ocr_par ocr_line ocrx_word'/>
</head>
<body>
  <div class='ocr_page' id='page_1' title='image "./eclogaevix00virguoft_0108.png"; bbox 0 0 1515 2620; ppageno 0'>
   <div class='ocr_carea' id='block_1_1' title="bbox 162 163 990 215">
    <p class='ocr_par' dir='ltr' id='par_1_1' title="bbox 162 163 990 215">
     <span class='ocr_line' id='line_1_1' title="bbox 162 163 990 215; baseline -0.008 -5"><span class='ocrx_word' id='word_1_1' title='bbox 162 174 249 215; x_wconf 77' lang='lat'><strong>102</strong></span> <span class='ocrx_word' id='word_1_2' title='bbox 522 164 728 205; x_wconf 83' lang='lat' dir='ltr'><strong>ECLOGA</strong></span> <span class='ocrx_word' id='word_1_3' title='bbox 768 163 990 203; x_wconf 80' lang='lat' dir='ltr'>OCTAVA.</span> 
     </span>
    </p>
   </div>
   <div class='ocr_carea' id='block_1_2' title="bbox 103 274 1355 1002">
    <p class='ocr_par' dir='ltr' id='par_1_2' title="bbox 103 274 1355 1002">
     <span class='ocr_line' id='line_1_2' title="bbox 103 274 1351 331; baseline -0.005 -8"><span class='ocrx_word' id='word_1_4' title='bbox 103 278 292 324; x_wconf 76' lang='lat' dir='ltr'><strong>85Talis</strong></span> <span class='ocrx_word' id='word_1_5' title='bbox 335 291 458 318; x_wconf 86' lang='lat' dir='ltr'><strong>amor</strong></span> <span class='ocrx_word' id='word_1_6' title='bbox 497 274 724 331; x_wconf 78' lang='lat' dir='ltr'><strong>Daphnin,</strong></span> <span class='ocrx_word' id='word_1_7' title='bbox 765 274 928 330; x_wconf 81' lang='lat' dir='ltr'><strong>qualis,</strong></span> <span class='ocrx_word' id='word_1_8' title='bbox 969 288 1096 329; x_wconf 80' lang='lat' dir='ltr'><strong>quum</strong></span> <span class='ocrx_word' id='word_1_9' title='bbox 1138 275 1262 316; x_wconf 80' lang='lat' dir='ltr'><strong>fessa</strong></span> <span class='ocrx_word' id='word_1_10' title='bbox 1284 277 1351 328; x_wconf 90' lang='lat' dir='ltr'><strong>ju-</strong></span> 
     </span>
     <span class='ocr_line' id='line_1_3' title="bbox 708 356 889 384; baseline 0 -2"><span class='ocrx_word' id='word_1_11' title='bbox 708 356 889 384; x_wconf 76' lang='lat' dir='ltr'><strong>vencuui</strong></span> 
     </span>
     <span class='ocr_line' id='line_1_4' title="bbox 161 407 1352 465; baseline -0.004 -10"><span class='ocrx_word' id='word_1_12' title='bbox 161 413 251 455; x_wconf 91' lang='lat' dir='ltr'><strong>Per</strong></span> <span class='ocrx_word' id='word_1_13' title='bbox 288 424 470 452; x_wconf 80' lang='lat' dir='ltr'><strong>nemora</strong></span> <span class='ocrx_word' id='word_1_14' title='bbox 510 416 640 465; x_wconf 73' lang='lat' dir='ltr'><strong>alque</strong></span> <span class='ocrx_word' id='word_1_15' title='bbox 672 410 786 450; x_wconf 68' lang='lat' dir='ltr'><strong>allos</strong></span> <span class='ocrx_word' id='word_1_16' title='bbox 818 410 1068 464; x_wconf 78' lang='lat' dir='ltr'><strong>quaerendo</strong></span> <span class='ocrx_word' id='word_1_17' title='bbox 1102 407 1263 450; x_wconf 82' lang='lat' dir='ltr'><strong>bucula</strong></span> <span class='ocrx_word' id='word_1_18' title='bbox 1293 408 1352 450; x_wconf 91' lang='lat' dir='ltr'><strong>lu-</strong></span> 
     </span>
     <span class='ocr_line' id='line_1_5' title="bbox 709 491 786 517; baseline -0.013 0"><span class='ocrx_word' id='word_1_19' title='bbox 709 491 786 517; x_wconf 88' lang='lat' dir='ltr'><strong>cos</strong></span> 
     </span>
     <span class='ocr_line' id='line_1_6' title="bbox 165 541 1350 600; baseline -0.003 -13"><span class='ocrx_word' id='word_1_20' title='bbox 165 547 351 600; x_wconf 76' lang='lat' dir='ltr'><strong>Propter</strong></span> <span class='ocrx_word' id='word_1_21' title='bbox 383 558 525 600; x_wconf 86' lang='lat' dir='ltr'><strong>aquae</strong></span> <span class='ocrx_word' id='word_1_22' title='bbox 556 545 692 585; x_wconf 80' lang='lat' dir='ltr'><strong>rivum</strong></span> <span class='ocrx_word' id='word_1_23' title='bbox 728 544 850 584; x_wconf 69' lang='lat' dir='ltr'><strong>vii-idi</strong></span> <span class='ocrx_word' id='word_1_24' title='bbox 884 541 1129 598; x_wconf 84' lang='lat' dir='ltr'><strong>procumbit</strong></span> <span class='ocrx_word' id='word_1_25' title='bbox 1165 543 1205 583; x_wconf 91' lang='lat' dir='ltr'><strong>in</strong></span> <span class='ocrx_word' id='word_1_26' title='bbox 1235 543 1350 597; x_wconf 80' lang='lat' dir='ltr'><strong>ulva,</strong></span> 
     </span>
     <span class='ocr_line' id='line_1_7' title="bbox 162 610 1295 654; baseline -0.003 0"><span class='ocrx_word' id='word_1_27' title='bbox 162 611 362 654; x_wconf 70' lang='lat' dir='ltr'><strong>Perdita!</strong></span> <span class='ocrx_word' id='word_1_28' title='bbox 397 627 481 653; x_wconf 90' lang='lat' dir='ltr'><strong>nec</strong></span> <span class='ocrx_word' id='word_1_29' title='bbox 514 626 643 653; x_wconf 80' lang='lat' dir='ltr'><strong>serae</strong></span> <span class='ocrx_word' id='word_1_30' title='bbox 677 611 871 652; x_wconf 77' lang='lat' dir='ltr'><strong>meminit</strong></span> <span class='ocrx_word' id='word_1_31' title='bbox 904 611 1126 651; x_wconf 80' lang='lat' dir='ltr'><strong>decedere</strong></span> <span class='ocrx_word' id='word_1_32' title='bbox 1158 610 1295 651; x_wconf 73' lang='lat' dir='ltr'><strong>nocti:</strong></span> 
     </span>
     <span class='ocr_line' id='line_1_8' title="bbox 163 678 1350 731; baseline -0.002 -9"><span class='ocrx_word' id='word_1_33' title='bbox 163 680 294 722; x_wconf 84' lang='lat' dir='ltr'><strong>Talis</strong></span> <span class='ocrx_word' id='word_1_34' title='bbox 327 694 449 719; x_wconf 80' lang='lat' dir='ltr'><strong>amor</strong></span> <span class='ocrx_word' id='word_1_35' title='bbox 480 686 652 731; x_wconf 78' lang='lat' dir='ltr'><strong>teneat3</strong></span> <span class='ocrx_word' id='word_1_36' title='bbox 696 693 778 719; x_wconf 90' lang='lat' dir='ltr'><strong>nec</strong></span> <span class='ocrx_word' id='word_1_37' title='bbox 811 679 865 719; x_wconf 80' lang='lat' dir='ltr'><strong>sit</strong></span> <span class='ocrx_word' id='word_1_38' title='bbox 897 678 998 718; x_wconf 85' lang='lat' dir='ltr'><strong>mihi</strong></span> <span class='ocrx_word' id='word_1_39' title='bbox 1031 691 1137 718; x_wconf 78' lang='lat' dir='ltr'><strong>cura</strong></span> <span class='ocrx_word' id='word_1_40' title='bbox 1171 679 1350 720; x_wconf 84' lang='lat' dir='ltr'><strong>mederi.</strong></span> 
     </span>
     <span class='ocr_line' id='line_1_9' title="bbox 107 746 1355 799; baseline -0.002 -11"><span class='ocrx_word' id='word_1_41' title='bbox 107 746 163 788; x_wconf 82' lang='grc'><strong>90</strong></span> <span class='ocrx_word' id='word_1_42' title='bbox 250 746 410 788; x_wconf 83' lang='lat' dir='ltr'><strong>Ducite</strong></span> <span class='ocrx_word' id='word_1_43' title='bbox 443 746 497 786; x_wconf 82' lang='lat' dir='ltr'><strong>ab</strong></span> <span class='ocrx_word' id='word_1_44' title='bbox 529 746 637 789; x_wconf 85' lang='lat' dir='ltr'><strong>urbe</strong></span> <span class='ocrx_word' id='word_1_45' title='bbox 670 747 868 797; x_wconf 79' lang='lat' dir='ltr'><strong>domum,</strong></span> <span class='ocrx_word' id='word_1_46' title='bbox 903 760 1003 785; x_wconf 85' lang='lat' dir='ltr'><strong>mea</strong></span> <span class='ocrx_word' id='word_1_47' title='bbox 1037 746 1250 799; x_wconf 82' lang='lat' dir='ltr'><strong>carmina,</strong></span> <span class='ocrx_word' id='word_1_48' title='bbox 1283 747 1355 787; x_wconf 88' lang='lat' dir='ltr'><strong>du-</strong></span> 
     </span>
     <span class='ocr_line' id='line_1_10' title="bbox 710 811 1051 867; baseline 0 -14"><span class='ocrx_word' id='word_1_49' title='bbox 710 814 798 853; x_wconf 79' lang='lat' dir='ltr'><strong>cite</strong></span> <span class='ocrx_word' id='word_1_50' title='bbox 831 811 1051 867; x_wconf 78' lang='lat' dir='ltr'><strong>Daphnin.</strong></span> 
     </span>
     <span class='ocr_line' id='line_1_11' title="bbox 164 879 1295 935; baseline -0.002 -13"><span class='ocrx_word' id='word_1_51' title='bbox 164 879 261 923; x_wconf 83' lang='lat' dir='ltr'><strong>Has</strong></span> <span class='ocrx_word' id='word_1_52' title='bbox 293 880 394 921; x_wconf 94' lang='lat' dir='ltr'><strong>olim</strong></span> <span class='ocrx_word' id='word_1_53' title='bbox 428 879 607 920; x_wconf 79' lang='lat' dir='ltr'><strong>exuvias</strong></span> <span class='ocrx_word' id='word_1_54' title='bbox 641 880 740 920; x_wconf 89' lang='lat' dir='ltr'><strong>mihi</strong></span> <span class='ocrx_word' id='word_1_55' title='bbox 775 879 965 934; x_wconf 75' lang='lat' dir='ltr'><strong>per-lidus</strong></span> <span class='ocrx_word' id='word_1_56' title='bbox 998 880 1070 920; x_wconf 89' lang='lat' dir='ltr'><strong>ille</strong></span> <span class='ocrx_word' id='word_1_57' title='bbox 1105 880 1295 935; x_wconf 79' lang='lat' dir='ltr'><strong>reliquit:</strong></span> 
     </span>
     <span class='ocr_line' id='line_1_12' title="bbox 163 945 1353 1002; baseline -0.001 -13"><span class='ocrx_word' id='word_1_58' title='bbox 163 947 362 1002; x_wconf 76' lang='lat' dir='ltr'><strong>Pignora</strong></span> <span class='ocrx_word' id='word_1_59' title='bbox 402 961 511 999; x_wconf 64' lang='lat' dir='ltr'><strong>cara</strong></span> <span class='ocrx_word' id='word_1_60' title='bbox 556 945 640 988; x_wconf 82' lang='lat' dir='ltr'><strong>sui!</strong></span> <span class='ocrx_word' id='word_1_61' title='bbox 694 961 808 1002; x_wconf 84' lang='lat' dir='ltr'><strong>quae</strong></span> <span class='ocrx_word' id='word_1_62' title='bbox 847 961 961 989; x_wconf 92' lang='lat' dir='ltr'><strong>nunc</strong></span> <span class='ocrx_word' id='word_1_63' title='bbox 1003 962 1085 1001; x_wconf 69' lang='lat' dir='ltr'><strong>ego</strong></span> <span class='ocrx_word' id='word_1_64' title='bbox 1127 948 1274 988; x_wconf 85' lang='lat' dir='ltr'><strong>limine</strong></span> <span class='ocrx_word' id='word_1_65' title='bbox 1313 946 1353 988; x_wconf 87' lang='lat' dir='ltr'><strong>in</strong></span> 
     </span>
    </p>
   </div>
   <div class='ocr_carea' id='block_1_3' title="bbox 167 1029 1357 1202">
    <p class='ocr_par' dir='ltr' id='par_1_3' title="bbox 167 1029 1357 1202">
     <span class='ocr_line' id='line_1_13' title="bbox 709 1029 803 1055; baseline -0.011 0"><span class='ocrx_word' id='word_1_66' title='bbox 709 1029 803 1055; x_wconf 62' lang='lat' dir='ltr'><strong>niso</strong></span> 
     </span>
     <span class='ocr_line' id='line_1_14' title="bbox 167 1030 1357 1135; baseline 0 -13"><span class='ocrx_word' id='word_1_67' title='bbox 167 1080 332 1135; x_wconf 82' lang='lat' dir='ltr'><strong>Terra,</strong></span> <span class='ocrx_word' id='word_1_68' title='bbox 387 1080 462 1122; x_wconf 83' lang='lat' dir='ltr'><strong>tibi</strong></span> <span class='ocrx_word' id='word_1_69' title='bbox 524 1030 739 1122; x_wconf 80' lang='lat' dir='ltr'><strong>mando.1</strong></span> <span class='ocrx_word' id='word_1_70' title='bbox 784 1045 959 1121; x_wconf 70' lang='lat' dir='ltr'><strong>D’ebeut</strong></span> <span class='ocrx_word' id='word_1_71' title='bbox 1011 1082 1122 1122; x_wconf 84' lang='lat' dir='ltr'><strong>haec</strong></span> <span class='ocrx_word' id='word_1_72' title='bbox 1170 1081 1357 1135; x_wconf 75' lang='lat' dir='ltr'><strong>pignora</strong></span> 
     </span>
     <span class='ocr_line' id='line_1_15' title="bbox 712 1145 937 1202; baseline 0.004 -14"><span class='ocrx_word' id='word_1_73' title='bbox 712 1145 937 1202; x_wconf 77' lang='lat' dir='ltr'><strong>Daphnin!</strong></span> 
     </span>
    </p>
   </div>
   <div class='ocr_carea' id='block_1_4' title="bbox 82 1214 1357 2346">
    <p class='ocr_par' dir='ltr' id='par_1_4' title="bbox 82 1214 1357 2346">
     <span class='ocr_line' id='line_1_16' title="bbox 252 1214 1356 1269; baseline 0 -12"><span class='ocrx_word' id='word_1_74' title='bbox 252 1214 418 1258; x_wconf 81' lang='lat' dir='ltr'><strong>Ducite</strong></span> <span class='ocrx_word' id='word_1_75' title='bbox 451 1215 506 1256; x_wconf 84' lang='lat' dir='ltr'><strong>ab</strong></span> <span class='ocrx_word' id='word_1_76' title='bbox 538 1215 646 1256; x_wconf 89' lang='lat' dir='ltr'><strong>urbe</strong></span> <span class='ocrx_word' id='word_1_77' title='bbox 679 1217 872 1267; x_wconf 77' lang='lat' dir='ltr'><strong>domum,</strong></span> <span class='ocrx_word' id='word_1_78' title='bbox 907 1229 1005 1256; x_wconf 80' lang='lat' dir='ltr'><strong>mea</strong></span> <span class='ocrx_word' id='word_1_79' title='bbox 1038 1216 1250 1269; x_wconf 81' lang='lat' dir='ltr'><strong>carmina,</strong></span> <span class='ocrx_word' id='word_1_80' title='bbox 1285 1218 1356 1257; x_wconf 90' lang='lat' dir='ltr'><strong>du·</strong></span> 
     </span>
     <span class='ocr_line' id='line_1_17' title="bbox 711 1282 1047 1337; baseline -0.006 -13"><span class='ocrx_word' id='word_1_81' title='bbox 711 1284 797 1324; x_wconf 77' lang='lat' dir='ltr'><strong>cite</strong></span> <span class='ocrx_word' id='word_1_82' title='bbox 831 1282 1047 1337; x_wconf 84' lang='lat' dir='ltr'><strong>Daphnin.</strong></span> 
     </span>
     <span class='ocr_line' id='line_1_18' title="bbox 112 1349 1357 1405; baseline -0.001 -12"><span class='ocrx_word' id='word_1_83' title='bbox 112 1350 265 1395; x_wconf 80' lang='lat' dir='ltr'><strong>95Has</strong></span> <span class='ocrx_word' id='word_1_84' title='bbox 303 1349 467 1392; x_wconf 84' lang='lat' dir='ltr'>herbas</span> <span class='ocrx_word' id='word_1_85' title='bbox 507 1356 637 1405; x_wconf 75' lang='lat' dir='ltr'><strong>atque</strong></span> <span class='ocrx_word' id='word_1_86' title='bbox 678 1351 790 1391; x_wconf 85' lang='lat' dir='ltr'><strong>haec</strong></span> <span class='ocrx_word' id='word_1_87' title='bbox 831 1350 971 1392; x_wconf 77' lang='lat' dir='ltr'><strong>Ponto</strong></span> <span class='ocrx_word' id='word_1_88' title='bbox 1007 1350 1106 1391; x_wconf 88' lang='lat' dir='ltr'><strong>mihi</strong></span> <span class='ocrx_word' id='word_1_89' title='bbox 1139 1350 1257 1392; x_wconf 81' lang='lat' dir='ltr'><strong>lecta</strong></span> <span class='ocrx_word' id='word_1_90' title='bbox 1288 1365 1357 1392; x_wconf 73' lang='lat' dir='ltr'><strong>ve-</strong></span> 
     </span>
     <span class='ocr_line' id='line_1_19' title="bbox 712 1432 829 1459; baseline -0.009 -1"><span class='ocrx_word' id='word_1_91' title='bbox 712 1432 829 1459; x_wconf 70' lang='lat' dir='ltr'><strong>nona</strong></span> 
     </span>
     <span class='ocr_line' id='line_1_20' title="bbox 168 1484 1353 1539; baseline -0.001 -13"><span class='ocrx_word' id='word_1_92' title='bbox 168 1484 273 1539; x_wconf 86' lang='lat' dir='ltr'><strong>Ipse</strong></span> <span class='ocrx_word' id='word_1_93' title='bbox 311 1485 431 1526; x_wconf 83' lang='lat' dir='ltr'><strong>dedit</strong></span> <span class='ocrx_word' id='word_1_94' title='bbox 470 1485 656 1534; x_wconf 76' lang='lat' dir='ltr'><strong>&#39;Moeris3</strong></span> <span class='ocrx_word' id='word_1_95' title='bbox 696 1491 936 1525; x_wconf 76' lang='lat' dir='ltr'><strong>nascuntur</strong></span> <span class='ocrx_word' id='word_1_96' title='bbox 968 1485 1165 1539; x_wconf 80' lang='lat' dir='ltr'><strong>pluruma</strong></span> <span class='ocrx_word' id='word_1_97' title='bbox 1197 1485 1353 1525; x_wconf 77' lang='lat' dir='ltr'><strong>Ponto.</strong></span> 
     </span>
     <span class='ocr_line' id='line_1_21' title="bbox 169 1551 1357 1607; baseline -0.001 -14"><span class='ocrx_word' id='word_1_98' title='bbox 169 1551 253 1593; x_wconf 81' lang='lat' dir='ltr'><strong>llis</strong></span> <span class='ocrx_word' id='word_1_99' title='bbox 295 1566 379 1606; x_wconf 73' lang='lat' dir='ltr'><strong>ego</strong></span> <span class='ocrx_word' id='word_1_100' title='bbox 420 1566 559 1607; x_wconf 85' lang='lat' dir='ltr'><strong>saepe</strong></span> <span class='ocrx_word' id='word_1_101' title='bbox 602 1552 747 1606; x_wconf 88' lang='lat' dir='ltr'><strong>lupum</strong></span> <span class='ocrx_word' id='word_1_102' title='bbox 782 1552 873 1592; x_wconf 84' lang='lat' dir='ltr'><strong>fieri</strong></span> <span class='ocrx_word' id='word_1_103' title='bbox 908 1559 949 1593; x_wconf 83' lang='lat' dir='ltr'><strong>et</strong></span> <span class='ocrx_word' id='word_1_104' title='bbox 982 1567 1030 1593; x_wconf 80' lang='lat' dir='ltr'><strong>se</strong></span> <span class='ocrx_word' id='word_1_105' title='bbox 1063 1553 1254 1593; x_wconf 85' lang='lat' dir='ltr'><strong>condere</strong></span> <span class='ocrx_word' id='word_1_106' title='bbox 1287 1551 1357 1593; x_wconf 84' lang='lat' dir='ltr'><strong>sil-</strong></span> 
     </span>
     <span class='ocr_line' id='line_1_22' title="bbox 714 1619 778 1658; baseline 0 0"><span class='ocrx_word' id='word_1_107' title='bbox 714 1619 778 1658; x_wconf 78' lang='lat' dir='ltr'><strong>vis</strong></span> 
     </span>
     <span class='ocr_line' id='line_1_23' title="bbox 168 1684 1354 1741; baseline 0 -13"><span class='ocrx_word' id='word_1_108' title='bbox 168 1687 361 1740; x_wconf 82' lang='lat' dir='ltr'><strong>Moerin,</strong></span> <span class='ocrx_word' id='word_1_109' title='bbox 413 1701 550 1741; x_wconf 78' lang='lat' dir='ltr'><strong>saepe</strong></span> <span class='ocrx_word' id='word_1_110' title='bbox 589 1686 760 1726; x_wconf 82' lang='lat' dir='ltr'><strong>animas</strong></span> <span class='ocrx_word' id='word_1_111' title='bbox 801 1684 897 1725; x_wconf 80' lang='lat' dir='ltr'><strong>imis</strong></span> <span class='ocrx_word' id='word_1_112' title='bbox 930 1686 1078 1727; x_wconf 79' lang='lat' dir='ltr'><strong>excire</strong></span> <span class='ocrx_word' id='word_1_113' title='bbox 1110 1686 1354 1741; x_wconf 81' lang='lat' dir='ltr'><strong>sepulchris</strong></span> 
     </span>
     <span class='ocr_line' id='line_1_24' title="bbox 170 1753 1190 1809; baseline -0.001 -14"><span class='ocrx_word' id='word_1_114' title='bbox 170 1753 316 1809; x_wconf 83' lang='lat' dir='ltr'><strong>Atque</strong></span> <span class='ocrx_word' id='word_1_115' title='bbox 349 1760 471 1796; x_wconf 80' lang='lat' dir='ltr'><strong>satas</strong></span> <span class='ocrx_word' id='word_1_116' title='bbox 503 1754 588 1795; x_wconf 86' lang='lat' dir='ltr'><strong>alio</strong></span> <span class='ocrx_word' id='word_1_117' title='bbox 621 1753 703 1794; x_wconf 79' lang='lat' dir='ltr'><strong>vidi</strong></span> <span class='ocrx_word' id='word_1_118' title='bbox 737 1754 972 1794; x_wconf 76' lang='lat' dir='ltr'><strong>traducere</strong></span> <span class='ocrx_word' id='word_1_119' title='bbox 1006 1768 1190 1794; x_wconf 79' lang='lat' dir='ltr'><strong>messes,</strong></span> 
     </span>
     <span class='ocr_line' id='line_1_25' title="bbox 82 1820 1357 1874; baseline 0.001 -12"><span class='ocrx_word' id='word_1_120' title='bbox 82 1820 165 1863; x_wconf 91' lang='lat'><strong>100</strong></span> <span class='ocrx_word' id='word_1_121' title='bbox 259 1820 419 1863; x_wconf 84' lang='lat' dir='ltr'><strong>Ducite</strong></span> <span class='ocrx_word' id='word_1_122' title='bbox 452 1821 506 1862; x_wconf 86' lang='lat' dir='ltr'><strong>ab</strong></span> <span class='ocrx_word' id='word_1_123' title='bbox 540 1821 646 1863; x_wconf 86' lang='lat' dir='ltr'><strong>urbe</strong></span> <span class='ocrx_word' id='word_1_124' title='bbox 679 1822 870 1874; x_wconf 76' lang='lat' dir='ltr'><strong>domum,</strong></span> <span class='ocrx_word' id='word_1_125' title='bbox 904 1835 1003 1861; x_wconf 87' lang='lat' dir='ltr'><strong>mea</strong></span> <span class='ocrx_word' id='word_1_126' title='bbox 1034 1821 1251 1874; x_wconf 79' lang='lat' dir='ltr'><strong>carmina,</strong></span> <span class='ocrx_word' id='word_1_127' title='bbox 1285 1823 1357 1863; x_wconf 91' lang='lat' dir='ltr'><strong>du-</strong></span> 
     </span>
     <span class='ocr_line' id='line_1_26' title="bbox 712 1887 1051 1943; baseline 0 -14"><span class='ocrx_word' id='word_1_128' title='bbox 712 1889 799 1929; x_wconf 80' lang='lat' dir='ltr'><strong>cite</strong></span> <span class='ocrx_word' id='word_1_129' title='bbox 833 1887 1051 1943; x_wconf 81' lang='lat' dir='ltr'><strong>Daphnin.</strong></span> 
     </span>
     <span class='ocr_line' id='line_1_27' title="bbox 170 1955 1355 2011; baseline -0.001 -13"><span class='ocrx_word' id='word_1_130' title='bbox 170 1956 260 1998; x_wconf 86' lang='lat' dir='ltr'><strong>Fer</strong></span> <span class='ocrx_word' id='word_1_131' title='bbox 292 1957 489 2007; x_wconf 77' lang='lat' dir='ltr'><strong>cineres,</strong></span> <span class='ocrx_word' id='word_1_132' title='bbox 533 1955 774 2008; x_wconf 39' lang='lat' dir='ltr'><strong>Ahnarylli,</strong></span> <span class='ocrx_word' id='word_1_133' title='bbox 816 1955 957 2005; x_wconf 82' lang='lat' dir='ltr'><strong>foras;</strong></span> <span class='ocrx_word' id='word_1_134' title='bbox 998 1956 1176 2011; x_wconf 80' lang='lat' dir='ltr'><strong>rivoque</strong></span> <span class='ocrx_word' id='word_1_135' title='bbox 1207 1956 1355 1997; x_wconf 78' lang='lat' dir='ltr'><strong>lluenli</strong></span> 
     </span>
     <span class='ocr_line' id='line_1_28' title="bbox 170 2023 1354 2079; baseline -0.002 -13"><span class='ocrx_word' id='word_1_136' title='bbox 170 2024 408 2079; x_wconf 83' lang='lat' dir='ltr'><strong>Transque</strong></span> <span class='ocrx_word' id='word_1_137' title='bbox 439 2030 571 2077; x_wconf 84' lang='lat' dir='ltr'><strong>caput</strong></span> <span class='ocrx_word' id='word_1_138' title='bbox 595 2023 715 2074; x_wconf 82' lang='lat' dir='ltr'><strong>jace,</strong></span> <span class='ocrx_word' id='word_1_139' title='bbox 750 2037 832 2064; x_wconf 86' lang='lat' dir='ltr'><strong>nec</strong></span> <span class='ocrx_word' id='word_1_140' title='bbox 863 2023 1137 2078; x_wconf 74' lang='lat' dir='ltr'><strong>respexeris!</strong></span> <span class='ocrx_word' id='word_1_141' title='bbox 1173 2024 1251 2064; x_wconf 83' lang='lat' dir='ltr'><strong>nis</strong></span> <span class='ocrx_word' id='word_1_142' title='bbox 1270 2038 1354 2078; x_wconf 74' lang='lat' dir='ltr'><strong>ego</strong></span> 
     </span>
     <span class='ocr_line' id='line_1_29' title="bbox 716 2089 920 2144; baseline 0.01 -15"><span class='ocrx_word' id='word_1_143' title='bbox 716 2089 920 2144; x_wconf 76' lang='lat' dir='ltr'><strong>Daphnin</strong></span> 
     </span>
     <span class='ocr_line' id='line_1_30' title="bbox 171 2157 1354 2213; baseline -0.003 -11"><span class='ocrx_word' id='word_1_144' title='bbox 171 2158 444 2213; x_wconf 72' lang='lat' dir='ltr'><strong>Adgrediar-3</strong></span> <span class='ocrx_word' id='word_1_145' title='bbox 490 2157 594 2199; x_wconf 87' lang='lat' dir='ltr'><strong>nihil</strong></span> <span class='ocrx_word' id='word_1_146' title='bbox 623 2157 697 2199; x_wconf 86' lang='lat' dir='ltr'><strong>ille</strong></span> <span class='ocrx_word' id='word_1_147' title='bbox 729 2159 859 2210; x_wconf 70' lang='lat' dir='ltr'><strong>deos,</strong></span> <span class='ocrx_word' id='word_1_148' title='bbox 899 2158 955 2199; x_wconf 90' lang='lat' dir='ltr'><strong>nil</strong></span> <span class='ocrx_word' id='word_1_149' title='bbox 987 2158 1184 2199; x_wconf 87' lang='lat' dir='ltr'><strong>carmina</strong></span> <span class='ocrx_word' id='word_1_150' title='bbox 1216 2165 1354 2200; x_wconf 79' lang='lat' dir='ltr'><strong>curat.</strong></span> 
     </span>
     <span class='ocr_line' id='line_1_31' title="bbox 255 2225 1355 2279; baseline -0.002 -11"><span class='ocrx_word' id='word_1_151' title='bbox 255 2225 419 2268; x_wconf 73' lang='lat' dir='ltr'><strong>Ducite</strong></span> <span class='ocrx_word' id='word_1_152' title='bbox 450 2226 506 2268; x_wconf 77' lang='lat' dir='ltr'><strong>ab</strong></span> <span class='ocrx_word' id='word_1_153' title='bbox 538 2226 645 2268; x_wconf 85' lang='lat' dir='ltr'><strong>urbe</strong></span> <span class='ocrx_word' id='word_1_154' title='bbox 677 2227 874 2279; x_wconf 88' lang='lat' dir='ltr'><strong>domum,</strong></span> <span class='ocrx_word' id='word_1_155' title='bbox 908 2239 1008 2266; x_wconf 80' lang='lat' dir='ltr'><strong>mea</strong></span> <span class='ocrx_word' id='word_1_156' title='bbox 1039 2225 1251 2278; x_wconf 83' lang='lat' dir='ltr'><strong>carmina,</strong></span> <span class='ocrx_word' id='word_1_157' title='bbox 1285 2227 1355 2267; x_wconf 89' lang='lat' dir='ltr'><strong>du-</strong></span> 
     </span>
     <span class='ocr_line' id='line_1_32' title="bbox 713 2291 1046 2346; baseline -0.006 -12"><span class='ocrx_word' id='word_1_158' title='bbox 713 2292 799 2334; x_wconf 78' lang='lat' dir='ltr'><strong>cite</strong></span> <span class='ocrx_word' id='word_1_159' title='bbox 830 2291 1046 2346; x_wconf 74' lang='lat' dir='ltr'><strong>Daphnin.</strong></span> 
     </span>
    </p>
   </div>
  </div>
 </body>
</html>
