1515 2620
205 148 294 190 208
559 142 763 182 ECLOGA
794 143 844 190 X,
876 148 1058 186 24-25.

204 273 321 309 μοι-ο,
360 257 458 308 quod
489 255 588 294 fama
618 256 785 302 ferebat,
818 258 1106 309 septemtriones
1135 271 1267 298 versus
1296 262 1395 299 into-

202 324 347 363 lerabili
378 323 628 361 comitabatur
657 337 691 361 v.
724 329 790 363 46.
850 324 1266 377 Perque—perque,
1296 341 1395 366 com·

204 392 350 443 paratio
390 391 552 441 poetica.
621 391 791 429 Romano
837 392 933 430 enim
977 398 1015 430 ct
1053 394 1201 431 Graeco
1239 400 1395 433 ornatus

202 459 382 496 minorum
422 471 570 508 quoque
601 458 758 509 partium
791 459 975 497 orationis
1007 473 1080 497 non
1113 460 1397 510 permittebatur

201 531 363 571 tantum,
407 526 473 563 sed
515 526 626 563 etiam
657 525 928 576 imperabatur:
977 527 1096 564 nostri
1128 527 1275 565 dicendi
1305 527 1397 565 arti·

200 593 291 631 fices
323 592 385 631 vix
417 605 498 630 eum
530 592 566 629 in
598 593 807 630 nominibus
838 594 1083 632 substantivis
1113 593 1252 632 ferunt.

316 663 494 699 24—25.
547 659 749 698 Officiosus
779 661 962 700 adventus
993 662 1184 708 Silvani,
1216 662 1296 713 ejus
1327 675 1396 714 po-

199 728 354 779 pularis>
386 727 422 764 in
454 727 555 764 cultu
588 741 656 764 suo
679 728 819 774 italico,
852 729 977 765 solatii
1011 729 1174 766 nonnibil
1208 729 1243 766 in
1276 734 1395 768 semet

198 808 273 832 uno
305 794 429 839 babet,
461 793 541 844 ipse
571 807 789 845 quamquam
820 796 923 832 rudis
955 796 1091 848 genius
1109 809 1287 848 agrorum
1303 809 1392 849 ges-

197 867 258 899 tus
289 866 432 898 tantum
464 866 502 898 ct
532 861 703 913 singulas
735 864 910 913 quasdam
940 877 1052 902 voces
1079 864 1201 909 effert,
1235 863 1393 902 Graecis

197 929 268 966 diis
304 928 513 966 orationem
550 929 777 980 relinquens.
817 952 872 959 —
909 931 1142 977 1S'ilvanns,
1188 931 1280 968 deus
1310 936 1394 969 erat

195 1001 436 1047 pervetustus
483 996 629 1034 rudium
680 997 869 1034 initiorum
916 998 1172 1050 agriculturae
1219 998 1389 1044 italicae,

195 1077 306 1115 quum
355 1069 530 1114 pastores
574 1064 767 1102 silvicolae
813 1064 983 1115 proxima
1024 1078 1195 1115 quaeque
1233 1065 1393 1103 declivia

195 1131 262 1169 sub
302 1131 410 1183 jugis
454 1130 632 1169 montium
679 1131 795 1168 adore
834 1129 1080 1181 (Triticum
1116 1132 1278 1179 ›s'pelta
1312 1130 1389 1184 L)

194 1211 408 1244 conserere,
439 1198 587 1249 plantas
617 1211 757 1248 ponere
789 1202 827 1235 et
856 1196 1035 1236 finitimos
1065 1212 1182 1250 agros
1212 1198 1390 1237 limitibus

194 1266 410 1303 discernere
441 1265 693 1303 instituerent.
739 1265 848 1302 Hunc
878 1266 986 1303 deum
1017 1279 1191 1304 arvorum
1223 1265 1388 1317 pecoris-

194 1346 266 1383 que
299 1332 478 1385 Virgilius
507 1333 600 1370 Aen.
633 1332 738 1379 UH,
771 1337 852 1372 600
890 1332 989 1370 inter
1019 1333 1280 1383 Tyrrhenicos
1311 1333 1389 1371 Pe-

190 1400 323 1451 lasgos
360 1401 497 1437 cultum
538 1400 574 1436 in
607 1399 700 1437 lucis
731 1399 883 1450 reperit.
944 1400 1159 1438 Secundum
1189 1399 1388 1438 Horatium

191 1472 299 1518 pater
329 1466 529 1511 Silvanus,
561 1471 688 1503 custos
718 1466 891 1514 limitum,
923 1467 969 1504 ab
1000 1467 1171 1519 agricola
1200 1480 1295 1506 uvas
1324 1480 1387 1506 ao-

191 1533 353 1584 cipiebat
384 1533 503 1583 Epod.
536 1533 587 1578 ΙΙ,
621 1538 694 1577 223
734 1538 772 1570 et
802 1546 869 1583 pro
907 1546 1030 1585 „grege
1061 1540 1212 1572 servato
1245 1534 1305 1571 lac
1341 1546 1387 1571 sa

190 1600 264 1638 cris
295 1599 594 1637 auctumnalibus
620 1600 687 1649 Ep.
721 1599 765 1644 ΙΙ,
800 1605 836 1644 1,
872 1604 963 1637 143.
1022 1600 1236 1638 Secundum
1267 1602 1383 1638 Cato-

190 1681 271 1703 ucm
313 1673 363 1706 83
403 1666 655 1704 valetudinem
694 1665 803 1703 boum
843 1679 865 1703 a
897 1667 1048 1704 stlarte
1078 1668 1263 1705 Silvano
1303 1665 1383 1717 (qui

189 1734 353 1772 Victoris
385 1734 566 1771 Hercules
585 1733 761 1772 Silvanus
792 1746 876 1770 esse
907 1733 1072 1785 videtur)
1106 1735 1141 1770 in
1174 1734 1269 1772 silva
1298 1747 1384 1785 pre-

187 1802 371 1839 cabantur
401 1800 587 1838 sacrificio
619 1799 721 1838 facto
753 1799 866 1838 farris
896 1800 1047 1846 adorei,
1092 1801 1207 1847 lardi,
1247 1801 1384 1852 pulpae

187 1874 225 1906 ct
255 1868 344 1907 vini.
376 1869 483 1919 Apud
509 1868 729 1906 ,iuvenalem
762 1868 823 1913 w,
857 1871 937 1906 446
969 1881 1104 1918 porcus
1135 1867 1169 1906 ei
1199 1868 1382 1906 caeditur.

187 1936 356 1973 Lucilius
387 1936 485 1985 apud
516 1936 688 1972 Nonnum
720 1934 766 1979 ll,
799 1938 879 1973 324
911 1934 1082 1985 luporum
1113 1948 1195 1973 eum
1227 1939 1381 1972 exacto·

187 2016 263 2041 rem
295 2008 334 2040 et
364 2002 637 2055 fulguratorem
668 2002 841 2039 arborum
872 2007 997 2040 vocat.
1043 2003 1151 2053 Apud
1183 2001 1380 2039 Tibullum

187 2071 257 2108 deo
288 2069 484 2116 silvarum,
516 2071 714 2107 silvestri
745 2070 822 2106 deo
855 2067 949 2119 (El.
981 2070 1027 2115 ΙΙ,
1060 2074 1096 2114 5,
1129 2068 1222 2119 30),
1254 2067 1382 2107 fistula

187 2150 210 2174 a
256 2136 469 2187 pastoribus
513 2140 786 2182 consecratur,
841 2136 1033 2186 eidemque
1079 2136 1150 2173 deo
1195 2137 1378 2183 culturae,

187 2204 421 2252 agricolae
451 2205 541 2249 (Ιεο,
574 2203 758 2254 primitiae
789 2216 980 2254 pomorum
1013 2204 1060 2254 (l,
1094 2210 1130 2249 1,
1164 2202 1257 2255 14),
1288 2216 1379 2241 uva-

187 2281 266 2306 rum
297 2282 444 2320 quoque
466 2275 504 2308 et
523 2270 707 2320 spicarum
725 2269 920 2321 festaeqne
937 2283 1087 2308 mensae
1107 2283 1174 2321 pro
1192 2270 1377 2323 gregibu-
