1472 2620
427 149 633 189 ECLOGA
664 149 742 195 vu,
774 152 953 189 49-52.
1228 155 1289 194 89

102 266 244 314 crepat.
275 284 326 290 —-
359 262 541 312 Thyrsidi
572 261 801 300 commodum
833 266 910 306 est,
952 259 1076 297 omnia
1106 259 1289 297 deformia

101 330 280 383 pingere3
312 334 349 367 et
379 342 491 380 quam
522 328 752 380 exsanguia!
784 328 975 365 Placidum
1001 327 1126 380 ignem
1154 327 1189 365 in
1208 332 1289 365 tuta

103 410 214 444 casa,
252 397 453 435 animatum
496 409 585 434 vero
617 395 821 432 domestica
852 395 1036 433 industria
1066 401 1104 433 et
1133 395 1287 447 gaudio,

102 465 270 516 quamvis
301 465 425 502 Borea
455 463 651 508 stridente,
683 462 860 512 Corydon
888 463 1127 501 Gesnerusve
1146 463 1288 515 pinxis-

103 538 200 571 sent.
261 531 422 569 Romani
449 543 569 581 neque
599 530 635 566 in
667 530 816 580 palatiis
848 542 966 579 neque
997 530 1032 566 in
1065 531 1290 581 pauperibus

109 600 206 638 casis
237 601 389 637 canales
419 599 604 636 habebunt
633 596 679 634 ad
712 595 849 633 fumum
880 597 1108 633 educendum
1131 599 1292 637 munitos

104 667 175 705 Lb.
216 667 269 714 ll,
318 671 411 706 242.
471 666 607 702 Fumus
639 677 704 714 per
724 665 855 710 fores
887 663 1017 700 exibat
1046 670 1111 700 aut
1142 678 1207 714 per
1237 665 1292 704 fe-

103 739 254 772 uestras
308 734 530 778 clntlnratas,
603 744 716 782 saepe
771 744 838 782 per
885 731 1025 768 exitum
1076 744 1291 782 supernum,

104 797 388 852 καπνοὺόκην.·
420 800 541 838 minus
570 799 749 836 molestus
779 798 975 836 coctilibus
1009 800 1059 842 [v.
1092 799 1294 837 Forcellini

103 869 180 907 lex.
227 883 257 906 s.
305 870 358 917 vu]
407 868 486 906 sive
531 868 638 918 ligno
683 872 791 904 cocto
837 871 874 903 et
910 880 995 903 uon
1021 866 1293 920 famante0).

105 935 269 986 Thyrsis
300 940 442 980 noster,
473 933 711 986 pinguiorum
744 947 884 978 annam,
917 935 1059 985 gaudet
1088 936 1294 985 caligan-

106 1003 222 1042 tibus
259 1003 428 1048 taedis,
467 1014 622 1052 quarum
648 1000 809 1050 fuligo
841 1014 915 1037 non
950 1006 1092 1038 tontum
1125 1015 1295 1041 emnerue

107 1070 278 1117 coelum,
323 1070 390 1108 sed
428 1069 539 1106 etiam
578 1068 682 1119 ipsos
713 1073 840 1118 postes
871 1068 1160 1107 circumvolutos
1192 1075 1298 1108 tenet

107 1143 312 1190 perpetuo:
364 1149 520 1174 securus
558 1135 607 1173 ibi
645 1136 823 1173 hibernae
862 1136 1152 1182 lucubrationiS,
1200 1151 1296 1188 quae

106 1209 264 1244 strenuo
295 1204 490 1258 agricolae
519 1202 694 1242 facienda
725 1208 806 1240 erut
837 1203 909 1240 Lb.
943 1204 978 1249 l,
1012 1208 1104 1249 291,
1138 1205 1297 1243 Boream

107 1272 145 1310 in
176 1271 277 1309 fumo
308 1285 377 1309 suo
408 1271 596 1308 observat.
656 1269 837 1307 Proxima
867 1271 1098 1322 comparatio
1128 1286 1297 1325 pupuge-

108 1339 177 1386 rit,
225 1339 257 1377 si
295 1339 349 1377 ita
385 1338 594 1376 diceretur:
643 1338 764 1379 Quam
802 1350 928 1388 parum
968 1338 1091 1390 lupum
1123 1352 1297 1378 numerus

107 1407 264 1460 gregis,
309 1411 375 1443 aut
412 1411 616 1443 torrentem
657 1405 736 1456 ripa
767 1409 937 1451 coercet3
983 1419 1055 1442 non
1088 1407 1208 1458 magis
1240 1419 1298 1444 me

109 1475 255 1512 Boreae
287 1472 411 1525 frigus
441 1477 592 1510 coercet
621 1473 667 1509 ab
698 1474 868 1509 externis
900 1472 1083 1524 negotiis,
1116 1487 1139 1511 a
1168 1473 1297 1511 fructi-

109 1542 178 1580 bus
209 1542 244 1578 in
278 1541 431 1578 hiemem
463 1539 708 1592 colligendis,
750 1553 772 1577 a
802 1539 908 1591 ligno
939 1540 1150 1586 caedendo,
1182 1555 1204 1578 a
1235 1553 1298 1579 ve-

110 1610 277 1646 natione.
336 1608 456 1646 Multo
502 1608 616 1645 aliter
662 1613 835 1657 pastores
882 1608 1083 1645 Theocriti
1123 1609 1159 1645 in
1200 1621 1298 1646 nona

110 1676 267 1729 eclog-213
314 1675 411 1713 alter
454 1689 487 1713 v.
535 1680 584 1713 12
633 1688 787 1726 gravem
834 1681 996 1720 aestum,
1046 1689 1153 1725 quem
1184 1675 1296 1728 fugit,

111 1757 191 1783 cum
237 1743 347 1795 gravi
397 1743 691 1793 exprobratione
735 1740 883 1780 confert
929 1748 1141 1792 parentum,
1189 1757 1298 1793 quum

109 1824 238 1849 amans
270 1810 389 1862 fugit:

249 1886 394 1919 Solstitii
420 1897 502 1918 curo
529 1890 715 1918 torrentem
743 1897 807 1927 ego
834 1897 899 1919 non
927 1887 1036 1928 magis
1061 1892 1206 1928 aestum,

247 1943 359 1977 Quam
383 1942 509 1974 dictata
536 1941 640 1984 patris
666 1949 785 1975 curant
811 1948 843 1975 et
869 1942 985 1976 matris
1010 1949 1176 1977 amantes.

113 2012 220 2050 Alter
258 2025 293 2049 v.
336 2015 385 2048 19
418 2024 533 2062 prope
565 2011 710 2062 ignem,
763 2012 823 2049 uhi
855 2017 955 2050 tosta
987 2011 1181 2050 furt-imina
1212 2028 1300 2064 epu-

111 2079 230 2124 latur,
278 2078 370 2115 duro
401 2078 491 2128 gelu
523 2091 595 2114 nou
630 2078 750 2130 inagis
780 2079 983 2132 affligitur,
1031 2093 1137 2130 quum
1171 2094 1300 2119 nucem

113 2145 287 2184 dentibus
317 2158 451 2184 carons
482 2159 598 2196 prope
625 2147 761 2197 pultem
792 2153 916 2185 curut:

204 2244 239 2287 ·)
290 2255 320 2278 v.
355 2248 472 2278 notata
504 2245 545 2276 ml
575 2244 847 2279 Winckelmanni
873 2258 978 2290 opera
1004 2246 1057 2280 ed.
1084 2247 1231 2280 Fernow
1258 2247 1300 2278 ΙΙ.

293 2300 325 2334 p.
353 2288 418 2324 253
444 2294 478 2323 et
501 2288 568 2323 347
592 2301 637 2323 ss.
