1472 2620
431 148 635 187 ECLOGA
665 148 905 189 SEPT-nuA.
1197 158 1259 198 (35

80 255 322 300 Posthabui
352 263 500 300 tamen
531 258 699 300 illorum
731 273 833 300 mea
863 259 980 301 seria
1007 259 1122 302 ludo.

79 325 275 367 Alternis
306 326 437 381 igitur
467 327 733 367 contendere
765 326 962 368 versibus
995 327 1122 369 ambo

82 392 296 448 Coepere.
355 393 580 442 Alternos,
626 392 804 447 Musae,
851 395 1102 439 meminisse
1145 396 1258 438 vole-

616 459 738 501 bain!

79 527 174 570 Hos
200 526 423 580 Corydon,
456 526 553 568 illos
572 526 800 568 referebat
822 527 861 568 in
889 528 1037 569 ordine
1057 529 1316 581 Thyrsis.20

196 593 427 650 Corydon.
484 594 738 649 Nymphae,
772 602 921 636 noster
957 610 1100 649 amor,
1133 597 1259 639 Libe-

613 662 795 714 thrideS,
829 668 903 703 aut
933 661 1033 703 mihi
1062 677 1258 719 carmen,

81 728 223 776 Quale
255 744 353 771 meo
387 728 554 781 Codro,
587 728 837 781 concedite,
868 731 1065 784 proxima
1092 730 1258 772 Phoebi

80 794 296 838 Versibus
343 796 418 838 ille
465 794 589 838 facit!
651 796 761 850 Aut,
815 797 850 837 si
897 812 980 838 non
1026 812 1259 852 possumus

164 861 167 865 ¹
618 878 785 917 omnes,

78 929 163 972 Hic
193 937 352 983 arguta
383 943 513 970 sacra
545 930 751 981 pendebit
780 930 925 971 fistula
955 931 1069 985 pinu.

199 996 412 1053 Thyrsis.
457 997 692 1050 l'astores,
726 998 890 1039 hedera
912 1005 1166 1040 nascentem
1191 1009 1312 1045 οῖ’-25

616 1070 719 1106 nate
750 1067 940 1120 poi-tam,

81 1133 307 1186 Arcades,
337 1131 496 1174 invidia
525 1138 781 1187 rumpantur
809 1139 855 1174 ut
885 1132 959 1173 ilia
991 1132 1156 1175 Codro!

81 1200 186 1253 Aut,
216 1200 250 1241 si
274 1200 388 1242 ultra
404 1200 610 1255 placitum
632 1200 835 1253 laudarit,
861 1199 1053 1242 baccare
1072 1201 1257 1243 frontem

83 1266 278 1322 Cingite,
310 1282 365 1309 ne
395 1268 483 1308 vati
514 1273 674 1308 noceat
705 1267 820 1308 mala
849 1267 998 1322 lingua
1027 1267 1190 1309 futuro!

198 1332 248 1376 C.
317 1334 465 1376 Setosi
510 1341 641 1389 caput
688 1334 769 1375 hoc
816 1336 909 1390 apri
955 1335 1052 1389 tibi,
1112 1335 1258 1389 Delia,

581 1446 583 1448 q
618 1416 778 1455 parvus

82 1467 138 1511 Et
167 1482 346 1509 ramosa
376 1467 519 1509 Micon
551 1469 713 1510 vivacis
744 1482 908 1509 cornua
938 1467 1068 1510 cervi.
1260 1480 1313 1514 30

81 1535 129 1578 Si
159 1536 376 1591 proprium
408 1536 490 1577 hoc
516 1535 666 1586 fuerit,
696 1536 808 1579 laevi
838 1537 891 1577 de
922 1550 1139 1578 marmore
1165 1542 1259 1580 tota

81 1604 274 1646 Puniceo
306 1603 442 1645 stabis
475 1617 600 1644 suras
633 1603 806 1644 evincta
838 1604 1061 1645 cothurno.

201 1671 286 1714 ΤΙι.
345 1671 494 1713 Sinum
517 1671 646 1713 lactis
667 1677 709 1712 et
729 1671 840 1712 haec
869 1676 913 1712 te
937 1670 1047 1724 liba,
1080 1672 1255 1729 Priape,

617 1744 718 1793 quot
748 1739 870 1779 annis

83 1805 357 1861 Exspectare
388 1812 458 1848 sat
489 1812 576 1856 est3
624 1813 771 1847 custos
804 1820 851 1846 es
889 1806 1092 1860 pauperis
1130 1806 1254 1849 horti.

83 1873 208 1914 Nunc
253 1879 297 1915 te
340 1887 629 1914 marmoreum
677 1887 752 1927 pro
799 1883 994 1928 tempore
1040 1873 1226 1916 fecimus
1243 1883 1310 1925 335

617 1945 661 1980 at
690 1945 750 1992 tu,

84 2006 132 2048 Si
161 2006 336 2048 foetura
365 2020 546 2061 gregem
578 2007 864 2062 suppleverit,
897 2021 1056 2050 aui-eus
1088 2007 1202 2049 esto!

198 2073 248 2116 C.
306 2074 467 2116 Nerine
507 2074 716 2123 Galatea,
763 2075 912 2132 thymo
950 2075 1050 2115 mihi
1089 2075 1255 2118 dulcior

620 2141 806 2195 Hyblae,

85 2208 319 2252 Candidior
350 2209 522 2261 cycnis,
555 2209 719 2251 hedera
749 2208 977 2250 formosior
1007 2207 1127 2251 alba:

86 2277 224 2324 Quum
258 2277 439 2333 primum
472 2277 584 2332 pasti
626 2281 825 2331 repetent
862 2276 1096 2332 praesepia
1125 2279 1252 2332 tauri,

1016 2339 1039 2374 5
